%================================================================================
%       L I T E R A T U R D A T E N B A N K 1   D E R   A B T E I L U N G
%                         R O B U S T E  R E G E L U N G
%
%   E I N T R A E G E   E I G E N E R   V E R O E F F E N T L I C H U N G E N
%================================================================================
%================================================================================

% Die folgenden Abkuerzungen koennen leider nicht mehr verwandt
%                  werden, da dann die automatische Generierung der
%                  Web-Publications-Seite nicht mehr richtig
%                  funktioniert. Buente, 30.7.97

% @string{IAC   = {IEEE Trans. on Automatic Control}}
% @string{AVEC  = {Proc. Int. Symposium on Advanced Vehicle Control}}
% @string{IST   = {IEEE Trans. on  Control Systems Technology}}
% @string{CDC   = {Proc. IEEE Conf. Decision and Control}}
% @string{ECC   = {Proc. European Control Conference}}
% @string{ACC   = {Proc. American Control Conference}}
% @string{IJC   = {Int. Journal of Control}}
% @string{IFAC  = {Proc. IFAC Congress}}
% @string{CAS   = {IEEE Trans. on Circuits and Systems}}
% @string{SCL   = {Systems and Control Letters}}
% @string{MCSS  = {Mathematics of Control, Signals and Systems}}
% @string{AUTO  = {Automatica}}
% @string{JGCD  = {AIAA Journal of Guidance, Control, and Dynamics}}
% @string{ICE   = {Int. Congress and Exposition}}
% @string{DLR   = {DLR}}
% @string{INRC  = {Int. Journal of Nonlinear and Robust Control}}
% @string{SIAM  = {SIAM Journal of Control and Optimization}}
% @string{ARC   = {Automation and Remote Control}}
% @string{DSMC  = {ASME Journal of Dynamic Systems, Measurement and Control}}
% @string{TRA   = {IEEE Trans. on Robotics and Automation}}
% @string{TVT   = {IEEE Trans. on Vehicular Technology}}
% @string{IROS  = {Proc. IEEE/RSJ Int. Conf. on Intelligent Robots and Systems}}

%================================================================================
% ACHTUNG: Wenn Sie Eintragungen machen, beachten Sie bitte folgendes:
%
% 1. Vergewissern Sie sich, dass die Eintragung noch nicht existiert.
% 2. Die Eintragungen sind alphabetisch geordnet.
%    Das Alphabet geht so: ABCDEFGHIJKLMNOPQRSTUVWXYZ!!!!
% 3. Existieren bereits mehrere Eintragungen eines Autors, so
%    werden die Eintragungen zeitlich geordnet. Dabei ist das
%    Dezimalsystem zu verwenden. Dort kommt bekanntlich 89 nach 86!!!
% 4. Fuer den Labelnamen wird nur der Name des zuerst genannten
%    Autors  verwendet. Bei gleichen Autoren gleiche Labelnamen verwenden!
% 5. Nachdem Sie eine Eintragung gemacht haben, vergewissern Sie sich
%    im nachfolgendem BibTeX-Durchlauf, dass keine Fehlermeldung auftritt.
%    Sollte dies der Fall sein, so korrigieren Sie den Fehler, oder wenden
%    sich an jemanden, von dem Sie vermuten, dass er den Fehler beheben kann.
%    In Zukunft werden fehlerhafte Eintragungen ohne Ruecksicht auf
%    Verluste geloescht!
%================================================================================
%================================================================================

@article{acker:61,
  author =	 {J. Ackermann},
  title =	 {{\"Uber} die {Pr\"ufung} der {Stabilit\"at} von
                  {Abtast-Regelungen} mittels der
                  {Beschreibungsfunktion}},
  journal =	 {Regelungstechnik},
  year =	 1961,
  volume =	 {9},
  pages =	 {467-471},
  access =	 public,
}

@article{acker:62,
  author =	 {J. Ackermann},
  title =	 {Die {Stabilit\"at} von {Abtast}-{Regelkreisen}},
  journal =	 {Jahrbuch der wissenschaftlichen {Gesellschaft} f\"ur
                  {Luft}- und {Raumfahrt}},
  year =	 1962,
  pages =	 {308-313},
  access =	 public,
}

@article{acker:64,
  author =	 {J. Ackermann},
  title =	 {Eine {Bemerkung} \"uber notwendige {Bedingungen}
                  f\"ur die {Stabilit\"at} von linearen
                  {Abtastsystemen}},
  journal =	 {Regelungstechnik},
  year =	 1964,
  volume =	 {12},
  pages =	 {308-309},
  access =	 public,
}

@article{acker:65,
  author =	 {J. Ackermann},
  title =	 { {\"Uber} einen {Zusammenhang} zwischen der
                  {Beschreibungsfunktion} und der {Methode} von
                  {V}.{M}. {Popov}},
  journal =	 {Regelungstechnik},
  year =	 1965,
  volume =	 {13},
  pages =	 {547-549},
  access =	 public,
}

@article{acker:66,
  author =	 {J. Ackermann},
  title =	 {Beschreibungsfunktionen f\"ur die {Analyse} und
                  {Synthese} von nichtlinearen {Abtast-Regelkreisen}},
  journal =	 {Regelungstechnik},
  year =	 1966,
  volume =	 {14},
  pages =	 {497-504},
  access =	 public,
}

@article{acker:68,
  author =	 {J. Ackermann},
  title =	 {Anwendung der {Wiener-Filtertheorie} zum {Entwurf}
                  von {Abtastreglern} mit beschr\"ankter mittlerer
                  {Stelleistung}},
  journal =	 {Regelungstechnik},
  year =	 1968,
  volume =	 {16},
  pages =	 {353-359},
  access =	 public,
}

@inproceedings{acker:69,
  author =	 {J. Ackermann},
  title =	 {Zeitoptimale {Mehrfach-Abtastregelungssysteme}},
  booktitle =	 {Proc. IFAC-Symposium Mehrgr\"o\ss{}en-Regelsysteme},
  year =	 1968,
  address =	 {D\"usseldorf},
  access =	 public,
}

@article{acker:69a,
  author =	 {J. Ackermann},
  title =	 { {\"Uber} die {Lageregelung} von drallstabilisierten
                  {K\"orpern}},
  journal =	 {Zeitschrift f\"ur Flugwissenschaft},
  year =	 1969,
  volume =	 {17},
  pages =	 {199-207},
  access =	 public,
}

@article{acker:70,
  author =	 {J. Ackermann and R. S. Bucy},
  title =	 { {\"Uber} die {Anzahl} der {Parameter} von
                  {Mehr\-gr\"o\ss{}en\-systemen}},
  journal =	 {Regelungstechnik},
  year =	 1970,
  volume =	 {18},
  pages =	 {451-452},
  access =	 public,
}

@article{acker:71,
  author =	 {J. Ackermann and R. S. Bucy},
  title =	 {Canonical Minimal Realization of a Matrix of Impulse
                  Response Sequences},
  journal =	 {Information and Control},
  year =	 1971,
  volume =	 {19},
  pages =	 {224-231},
  access =	 public,
}

@article{acker:71a,
  author =	 {J. Ackermann},
  title =	 {Die minimale {Ein}-{Ausgangsbeschreibung} von
                  {Mehr\-gr\"o\ss{}en\-systemen} und ihre {Bestimmung}
                  aus {Ein-Ausgangsmessungen}},
  journal =	 {Regelungstechnik},
  year =	 1971,
  volume =	 {19},
  pages =	 {203-206},
  access =	 public,
}

@article{acker:72,
  author =	 {J. Ackermann},
  title =	 {Der {Entwurf} linearer {Regelungssysteme} im
                  {Zustandsraum}},
  journal =	 {Regelungstechnik},
  year =	 1972,
  volume =	 {20},
  pages =	 {297-300},
  access =	 public,
}

@article{acker:72a,
  author =	 {J. Ackermann},
  title =	 {On partial realizations},
  journal =	 {IEEE Trans. on Automatic Control},
  year =	 1972,
  volume =	 {17},
  pages =	 {381},
  access =	 public,
}

@book{acker:72b,
  author =	 {J. Ackermann},
  title =	 {Abtastregelung. 1st. ed., 2nd. ed. 1983,
                  3rd. ed. 1988, {Polish} translation 1976, {English}
                  translation 1985, {Chinese} translation 1991},
  publisher =	 {Springer},
  address =	 {Berlin},
  year =	 1972,
  access =	 public,
}

@incollection{acker:73,
  author =	 {J. Ackermann},
  editor =	 {F. Pichler},
  title =	 {On Minimal Realizations},
  booktitle =	 {Advances in Cybernetics and Systems Research},
  publisher =	 {Transcripta {Books}},
  address =	 {London},
  year =	 1973,
  access =	 public,
}

@article{acker:75,
  author =	 {J. Ackermann and G. Hirzinger},
  title =	 {Sampling frequency and controllability region},
  journal =	 {Computers and Electrical Engineering},
  year =	 1975,
  volume =	 {2},
  pages =	 {347-351},
  access =	 public,
}

@inproceedings{acker:75a,
  author =	 {J. Ackermann},
  title =	 {On the synthesis of multivariable systems},
  booktitle =	 {Proc. 6th IFAC Congress},
  year =	 1975,
  address =	 {Boston},
  access =	 public,
}

@article{acker:76,
  author =	 {J. Ackermann},
  title =	 {Einf\"uhrung in die {Theorie} der {Beobachter}},
  journal =	 {Regelungstechnik},
  year =	 1976,
  volume =	 {24},
  pages =	 {217-226},
  access =	 public,
}

@article{acker:77,
  author =	 {J. Ackermann},
  title =	 {On the Synthesis of Linear Control Systems with
                  Specified Characteristics},
  journal =	 {Automatica},
  year =	 1977,
  volume =	 {13},
  pages =	 {89-94},
  access =	 public,
}

@article{acker:77a,
  author =	 {J. Ackermann},
  title =	 {Entwurf durch {Polvorgabe}},
  journal =	 {Regelungstechnik},
  year =	 1977,
  volume =	 {25},
  pages =	 {173-179, 209-215},
  access =	 public,
}

@inproceedings{acker:79,
  author =	 {J. Ackermann},
  title =	 {A robust control system design},
  booktitle =	 {Joint Automatic Control Conference},
  year =	 1979,
  address =	 {Denver},
  pages =	 {877-883},
  access =	 public,
}

@article{acker:80,
  author =	 {J. Ackermann},
  title =	 {Parameter space design of robust control systems},
  journal =	 {IEEE Trans. on Automatic Control},
  year =	 1980,
  volume =	 25,
  pages =	 {1058-1072},
  access =	 public,
}

@inproceedings{acker:81a,
  author =	 {J. Ackermann},
  title =	 {Robust flight control design},
  booktitle =	 {Proc. 8th IFAC Congress},
  year =	 1981,
  address =	 {Kyoto},
  volume =	 {VIII},
  pages =	 {79-84},
  access =	 public,
}

@inproceedings{acker:82,
  author =	 {J. Ackermann and S. T\"urk},
  title =	 {A common controller for a family of plant models},
  booktitle =	 {Proc. 21st IEEE Conf. Decision and Control},
  year =	 1982,
  address =	 {Orlando},
  pages =	 {240-244},
  access =	 public,
}

@article{acker:83,
  author =	 {J. Ackermann},
  title =	 {Einsatzm\"oglichkeiten f\"ur {Roboter}},
  journal =	 {DFVLR-Nachrichten},
  year =	 1983,
  volume =	 {39},
  pages =	 {13-15},
  access =	 public,
}

@inproceedings{acker:83a,
  author =	 {J. Ackermann },
  title =	 {Entwurfsverfahren f\"ur robuste {Regelungen}},
  booktitle =	 {Berichtsband f. Interkama-Kongre\ss{}
                  Springer-Verlag},
  year =	 1983,
  address =	 {Berlin},
  access =	 public,
}

@article{acker:84,
  author =	 {J. Ackermann},
  title =	 {Robustness against sensor failures},
  journal =	 {Automatica},
  year =	 1984,
  volume =	 {20},
  pages =	 {211-215},
  access =	 public,
}

@article{acker:84a,
  author =	 {J. Ackermann},
  title =	 {Entwurfsverfahren f\"ur robuste {Regelungen}},
  journal =	 {Regelungstechnik},
  year =	 1984,
  volume =	 {32},
  pages =	 {143-150},
  access =	 public,
}

@inproceedings{acker:84b,
  author =	 {J. Ackermann},
  title =	 {Finite effect sequences - a control oriented system
                  description},
  booktitle =	 {9th World IFAC Congress},
  address =	 {Budapest},
  year =	 1984,
  volume =	 {VIII},
  pages =	 {59-64},
  access =	 public,
}

@inproceedings{acker:84c,
  author =	 {J. Ackermann},
  title =	 {Simultaneous stabilization of two plant models},
  booktitle =	 {Proc. Pre-IFAC Meeting on Current Trends in Control},
  address =	 {Dubrovnik-Cavtat},
  year =	 1984,
  access =	 public,
}

@book{acker:85,
  author =	 {J. Ackermann},
  title =	 {Sampled-data control systems: analysis and
                  synthesis, robust system design},
  publisher =	 {Springer},
  address =	 {Berlin},
  year =	 1985,
  access =	 public,
}

@incollection{acker:85a,
  author =	 {J. Ackermann},
  title =	 {Multi-model approaches to robust control system
                  design},
  booktitle =	 {Uncertainty and Control, Lecture Notes in
                  Information Science 70},
  publisher =	 {Springer},
  address =	 {Berlin},
  year =	 1985,
  pages =	 {108-130},
  access =	 public,
}

@inproceedings{acker:85b,
  author =	 {J. Ackermann},
  title =	 {Design of robust controllers by multi-model methods},
  booktitle =	 {Proc. 7th International Symposium on the
                  Mathematical Theory of Networks and Systems},
  address =	 {Stockholm},
  year =	 1985,
  access =	 public,
}

@inproceedings{acker:85c,
  author =	 {J. Ackermann},
  title =	 {Entwurf robuster {Regelungssysteme} durch simultane
                  {Polgebietsvorgabe} f\"ur eine {Familie} von
                  {Regelstrecken}},
  booktitle =	 {Proc. 30. Internationales Wissenschaftliches
                  Kolloquium},
  address =	 {Ilmenau},
  pages =	 {3-6},
  year =	 1985,
  access =	 public,
}

@inproceedings{acker:85d,
  author =	 {J. Ackermann},
  title =	 {Multi-model approaches to robust control system
                  design},
  booktitle =	 {Proc. IFAC Workshop on Model Error Concepts and
                  Compensation},
  address =	 {Boston},
  year =	 1985,
  access =	 public,
}

@inproceedings{acker:86,
  author =	 {J. Ackermann},
  title =	 {Design of robust controllers by multi-model methods},
  booktitle =	 {Lecture Notes UMIST},
  address =	 {Manchester},
  year =	 1986,
  access =	 public,
}

@inproceedings{acker:86a,
  author =	 {J. Ackermann},
  title =	 {Robuste {Regelung: Beispiele -
                  Parameterraum-Verfahren}},
  booktitle =	 {Proc. GMR-Aussprachetag Robuste Regelung},
  address =	 {Langen},
  year =	 1986,
  access =	 public,
}

@article{acker:87,
  author =	 {J. Ackermann},
  title =	 {Research {Survey}. {DFVLR} {Laboratory} for {Flight}
                  {Systems} {Dynamics}},
  journal =	 {Automatica},
  year =	 1987,
  volume =	 {23},
  pages =	 {409-411},
  access =	 public,
}

@article{acker:87a,
  author =	 {J. Ackermann},
  title =	 {Robust control Systems Design},
  journal =	 {AGARD-AG-289},
  year =	 1987,
  volume =	 {3},
  access =	 public,
}

@inproceedings{acker:87b,
  author =	 { A. G. J. MacFarlane and G. Gr\"ubel and J. Ackermann},
  title =	 {Future Design Environments for Control Engineering},
  booktitle =	 {Proc. 10th IFAC World Congress on Automatic Control},
  address =	 {Munich},
  year =	 1987,
  volume =	 {VII},
  pages =	 {235-246},
  access =	 public,
}

@inproceedings{acker:87c,
  author =	 {J. Ackermann and R. M\"unch},
  title =	 {Robustness analysis in a plant parameter plane},
  booktitle =	 {Proc. 10th IFAC World Congress on Automatic Control},
  address =	 {Munich},
  year =	 1987,
  volume =	 {VIII},
  pages =	 {230-234},
  access =	 public,
}

@article{acker:88,
  author =	 {J. Ackermann and B. R. Barmish},
  title =	 {Robust {Schur} stability of a polytope of
                  polynomials},
  journal =	 {IEEE Trans. on Automatic Control},
  year =	 1988,
  volume =	 {33},
  pages =	 {984-986},
  access =	 public,
}

@incollection{acker:88b,
  author =	 {J. Ackermann and P. Wirth},
  editor =	 {G. Schweitzer and M. Mansour},
  title =	 {Model verification and refinement by experiments
                  with finite effect sequences},
  booktitle =	 {Dynamics of Controlled Mechanical Systems},
  publisher =	 {Springer},
  address =	 {Berlin},
  year =	 1989,
  pages =	 {1-14},
  access =	 public,
}

@inproceedings{acker:88c,
  author =	 {J. Ackermann and D. Kaesbauer and H. Z. Hu},
  title =	 {Entwurf robuster {Regelungssysteme} durch simultane
                  {Polgebietsvorgabe} f\"ur eine {Familie} von
                  {Regelstrecken}},
  booktitle =	 {Proc. 33. Int. Wissensch. Kolloquium
                  Techn.
                  Kybernetik/\-Auto\-ma\-ti\-sie\-rungs\-tech\-nik},
  address =	 {Ilmenau},
  year =	 1988,
  access =	 public,
}

@book{acker:88d,
  author =	 {J. Ackermann},
  title =	 {Abtastregelung},
  publisher =	 {Springer},
  address =	 {Berlin},
  year =	 1988,
  access =	 public,
}

@inproceedings{acker:89,
  author =	 {J. Ackermann and W. Sienel},
  title =	 {Computer-aided robustness analysis for
                  characteristic polynomials with polynomial parameter
                  dependence},
  booktitle =	 {Proc. IEEE Conf. Decision and Control},
  address =	 {Tampa},
  year =	 1989,
  pages =	 {1934-1935},
  access =	 public,
}

@inproceedings{acker:89a,
  author =	 {J. Ackermann and B. Anderson and C. Hollot and
                  P. Khargonekar},
  title =	 {Panel discussion: New trends in robustness analysis},
  booktitle =	 {Proc. IEEE Conf. Decision and Control},
  address =	 {Tampa},
  year =	 1989,
  pages =	 {2278-2279},
  access =	 public,
}

%475 Seiten
@techreport{acker:89b,
  author =	 {J. Ackermann},
  title =	 {The track guided bus - parametric modelling of its
                  dynamics and analysis of robust control problem},
  institution =	 {DLR},
  year =	 1989,
  number =	 {515-89-15},
  access =	 nonpub,
}

@article{acker:90,
  author =	 {J. Ackermann and H. Z. Hu and D. Kaesbauer},
  title =	 {Robustness analysis: a case study},
  journal =	 {IEEE Trans. on Automatic Control},
  year =	 1990,
  volume =	 {35},
  pages =	 {352-356},
  access =	 public,
}

@inproceedings{acker:90b,
  author =	 {J. Ackermann and W. Sienel},
  title =	 {What is a `large' number of parameters in robust
                  systems},
  booktitle =	 {Proc. IEEE Conf. Decision and Control},
  address =	 {Honolulu},
  year =	 1990,
  pages =	 {3496-3497},
  access =	 public,
}

@inproceedings{acker:90c,
  author =	 {J. Ackermann},
  title =	 {Robust car steering by yaw rate control},
  booktitle =	 {Proc. IEEE Conf. Decision and Control},
  address =	 {Honolulu},
  year =	 1990,
  pages =	 {2033-2034},
  access =	 public,
}

@inproceedings{acker:90d,
  author =	 {J. Ackermann and C. Hollot and H. Hu and R. Tempo},
  title =	 {On extreme-point results for time-delay systems},
  booktitle =	 {Proc. American Control Conference},
  address =	 {San Diego},
  year =	 1990,
  pages =	 {1499-1501},
  access =	 public,
}

@inproceedings{acker:90e,
  author =	 {J. Ackermann and W. Sienel},
  title =	 {Robust control for automatic steering},
  booktitle =	 {Proc. American Control Conference},
  address =	 {San Diego},
  year =	 1990,
  pages =	 {795-800},
  access =	 public,
}

@inproceedings{acker:90f,
  author =	 {J. Ackermann and H. Hu},
  title =	 {Robustness of sampled-data control systems with
                  uncertain physical plant parameters},
  booktitle =	 {Proc. 11th IFAC World Congress},
  address =	 {Tallinn},
  volume =	 {5},
  year =	 1990,
  pages =	 {194-199},
  access =	 public,
}

@misc{acker:90g,
  author =	 {J. Ackermann and W. Darenberg},
  title =	 {Automatic track control of a city bus},
  howpublished = {IFAC Theory Report on Benchmark Problems for Control
                  Systems Design},
  year =	 1990,
  access =	 public,
}

@misc{acker:90h,
  author =	 {J. Ackermann and W. Sienel},
  title =	 {Eigenschaften von {Polynomen} mit nichtlinearer
                  {Parameterabh\"angigkeit}},
  howpublished = {Carl-Cranz-Lehrgang Robuste Regelung (C3.04),
                  Kapitel 8},
  year =	 1990,
  access =	 public,
}

@article{acker:91,
  author =	 {J. Ackermann and D. Kaesbauer and R. M\"unch},
  title =	 {Robust {$\Gamma$}-stability analysis in a plant
                  parameter space},
  journal =	 {Automatica},
  year =	 1991,
  volume =	 {27},
  pages =	 {75-85},
  access =	 public,
}

@article{acker:91a,
  author =	 {J. Ackermann and H. Z. Hu},
  title =	 {Robustness of sampled-data control systems with
                  uncertain physical plant parameters},
  journal =	 {Automatica},
  year =	 1991,
  volume =	 {27},
  pages =	 {705-710},
  access =	 public,
}

@inproceedings{acker:91b,
  author =	 {J. Ackermann and W. Sienel},
  title =	 {On the computation of value sets for robust
                  stability analysis},
  booktitle =	 {Proc. First European Control Conference},
  year =	 1991,
  address =	 {Grenoble},
  pages =	 {2318-2327},
  access =	 public,
}

@inproceedings{acker:91d,
  author =	 {J. Ackermann and D. Kaesbauer and W. Sienel},
  title =	 {Design by search},
  booktitle =	 {Proc. First IFAC Symposium on Design Methods of
                  Control Systems, vol. 1},
  address =	 {Z\"urich},
  year =	 1991,
  pages =	 {181-186},
  access =	 public,
}

@incollection{acker:91e,
  author =	 {J. Ackermann},
  editor =	 {S. P. Bhattacharyya and L. H. Keel},
  title =	 {Robust Car Steering by Yaw Rate Feedback},
  booktitle =	 {Control of Uncertain Dynamic Systems},
  publisher =	 {{CRC} Press},
  year =	 1991,
  pages =	 {125-139},
  access =	 public,
}

@inproceedings{acker:91f,
  author =	 {J. Ackermann and A. Wilde},
  title =	 {Robustness of sampled-data control systems},
  booktitle =	 {Proc. First European Control Conference},
  address =	 {Grenoble},
  year =	 1991,
  pages =	 {534-537},
  access =	 public,
}

@inproceedings{acker:91g,
  author =	 {J. Ackermann},
  title =	 {Uncertainty structures and robust stability
                  analysis},
  booktitle =	 {Proc. First European Control Conference},
  address =	 {Grenoble},
  year =	 1991,
  pages =	 {2318-2327},
  access =	 public,
}

@inproceedings{acker:92,
  author =	 {J. Ackermann},
  title =	 {Robust yaw damping of cars with front and rear wheel
                  steering},
  booktitle =	 {Proc. IEEE Conf. Decision and Control},
  address =	 {Tucson, Arizona},
  pages =	 {2586-2589},
  year =	 1992,
  access =	 public,
}

@incollection{acker:92a,
  author =	 {J. Ackermann},
  editor =	 {M. Mansour},
  title =	 {Velocity-independent yaw eigenvalues of four-wheel
                  steering automobiles},
  booktitle =	 {Robustness of Dynamic Systems with Parameter
                  Uncertainties},
  publisher =	 {Birkh\"auser},
  address =	 {Basel},
  year =	 1992,
  pages =	 {291-302},
  access =	 public,
}

@article{acker:92b,
  author =	 {J. Ackermann},
  title =	 {Does it Suffice to Check a Subset of Multilinear
                  Parameters in Robustness Analysis?},
  journal =	 {IEEE Trans. on Automatic Control},
  year =	 1992,
  volume =	 {37},
  pages =	 {487-488},
  access =	 public,
}

@inproceedings{acker:92c,
  author =	 {J. Ackermann},
  title =	 {Robustness of sampled-data control systems with
                  physical uncertainties in the continuous part},
  booktitle =	 {Symposium on Fundamentals of Discrete-Time Systems},
  address =	 {Chicago},
  year =	 1992,
  access =	 public,
}

@misc{acker:92pat,
  author =	 {J. Ackermann},
  title =	 {Verfahren zum {Lenken} von {Stra\ss enfahrzeugen}
                  mit {Vorder- und Hinterradlenkung}},
  howpublished = {Patent {No.} {P} 4206654 {Deutsches} {Patentamt}
                  {M\"unchen}},
  note =	 {Anmeldung 3.3.92, erteilt 27.07.93, {European}
                  {Patent} 0559114, US Patent 5515275},
  year =	 1993,
  access =	 public,
}

@article{acker:93,
  author =	 {J. Ackermann and W. Sienel},
  title =	 {Robust yaw damping of cars with front and rear wheel
                  steering},
  journal =	 {IEEE Trans. on Control Systems Technology},
  year =	 1993,
  volume =	 {1},
  number =	 {1},
  pages =	 {15-20},
  access =	 public,
  url =          {http://dv.op.dlr.de/FF-DR-RR/PUBLICATIONS/docs/acker93.ps.gz},
  filesize =	 {89 kB gzipped PostScript file}
}

@inproceedings{acker:93a,
  author =	 {J. Ackermann},
  title =	 {Robust nonlinear decoupling and yaw stabilization of
                  4 {WS} cars},
  booktitle =	 {Proc. 12th IFAC World Congress},
  address =	 {Sydney},
  volume = 	 {1},
  year =	 1993,
  pages =	 {7-10},
  access =	 public,
}

@misc{acker:93apat,
  author =	 {J. Ackermann},
  title =	 {Verfahren zum {Lenken} von {Stra\ss enfahrzeugen}
                  mit {Vorder-} und {Hinterradlenkung}},
  howpublished = {Patent {No.} {P} 4028 320 {Deutsches} {Patentamt}
                  {M\"unchen}, Anmeldung 6.9.90, erteilt 18.02.93;
                  {European} {Patent} 0474 130, US Patent 5375057},
  year =	 1993,
  access =	 public,
}

@book{acker:93b,
  author =	 {J. Ackermann and A. Bartlett and D. Kaesbauer and
                  W. Sienel and R. Steinhauser},
  title =	 {Robust control: {Systems} with uncertain physical
                  parameters},
  publisher =	 {Springer},
  address =	 {London},
  year =	 1993,
  access =	 public,
  url =
                  {http://dv.op.dlr.de/FF-DR-RR/PUBLICATIONS/docs/book.ps.gz},
  filesize =	 {50 kB gzipped PostScript file (only preface and
                  table of contents)}
}

@misc{acker:93bpat,
  author =	 {J. Ackermann},
  title =	 {Verfahren zum {Lenken} von {Stra\ss enfahrzeugen}
                  mit {Vorder-} und {Hinterradlenkung.} (Method of
                  steering road vehicles having front-wheel and
                  rear-wheel steering).},
  howpublished = {German {Patent} {No.} {P} 4028 320, {European}
                  {Patent} {No.} 0474 130, {US} {Patent} {No.} 5375057
                  {(Priority} {Sept.} 6, 1990)},
  year =	 1993,
  access =	 public,
}

@inproceedings{acker:93d,
  author =	 {J. Ackermann and W. Sienel and R. Steinhauser},
  title =	 {Robust automatic steering of a bus},
  booktitle =	 {Proc. Second European Control Conference},
  address =	 {Groningen, The Netherlands},
  year =	 1993,
  volume =	 {3},
  pages =	 {1534-1539},
  access =	 public,
  url =
                  {http://dv.op.dlr.de/FF-DR-RR/PUBLICATIONS/docs/acker93d.ps.gz},
  filesize =	 {171 kB gzipped PostScript file}
}

@article{acker:93e,
  author =	 {J. Ackermann and J. Guldner and W. Sienel and
                  R. Steinhauser and V. I. Utkin},
  title =	 {Linear and Nonlinear Control Design for Automatic
                  Steering},
  journal =	 {IEEE Trans. on Control Systems Technology, Special
                  Issue on Automotive Control Systems},
  year =	 1995,
  number =	 1,
  volume =	 3,
  pages =	 {132-143},
  access =	 public,
  url =
                  {http://dv.op.dlr.de/FF-DR-RR/PUBLICATIONS/docs/acker93e.ps.gz},
  filesize =	 {270 kB gzipped PostScript file}
}

@misc{acker:93f,
  author =	 {J. Ackermann },
  title =	 {Robust active steering of cars},
  howpublished = {IFAC Workshop Robust Control},
  address =	 {Cairns, Australien},
  year =	 1993,
  access =	 {nonpub (lediglich informeller Workshop)},
}

@book{acker:93g,
  author =	 {J. Ackermann and A. Bartlett and D. Kaesbauer and
                  W. Sienel and R. Steinhauser},
  title =	 {Robuste Regelung. Analyse und Entwurf von linearen
                  Regelungssystemen mit unsicheren physikalischen
                  Parametern},
  publisher =	 {Springer},
  address =	 {Berlin},
  year =	 1993,
  pages =	 {422},
  access =	 public,
}

@misc{acker:93h,
  author =	 {J. Ackermann},
  title =	 {Robuste {Regelung}},
  howpublished = {Vorlesung Wintersemester Technische Universit\"at
                  M\"unchen 1992/93},
  address =	 {M\"unchen},
  year =	 1993,
  access =	 public,
}

%Institutsbericht  DLR IB 515-93-28},
@incollection{acker:93k,
  author =	 {J. Ackermann},
  title =	 {Robustness of sampled-data control systems with
                  physical uncertainties in the continuous part},
  booktitle =	 {Fundamentals of discrete-time systems, a tribute to
                  Professor Eliahu I. Jury},
  editor =	 {{M. Jamshidi}{\it~et al.}},
  publisher =	 {TSI Press},
  address =	 {Albuquerque},
  year =	 1993,
  pages =	 {29-36},
  access =	 public,
}

@incollection{acker:93p,
  author =	 {J. Ackermann},
  title =	 {Problems of individual transportation: From a
                  two-mass model to a one-mass model of car steering},
  booktitle =	 {Systems and Networks: Mathematical Theory and
                  Applications},
  editor =	 {{U. Helmke}{\it~et al.}},
  publisher =	 {Akademie Verlag},
  year =	 1993,
  volume =	 {I},
  pages =	 {9-27},
  access =	 public,
}

@misc{acker:93pat,
  author =	 {J. Ackermann},
  title =	 {Verfahren zum {Lenken} von {Stra\ss{}enfahrzeugen}
                  mit {Vorderradlenkung}},
  howpublished = {Patent {No.} {P} 4307420 {Deutsches} {Patentamt}
                  {M\"unchen}},
  note =	 {Anmeldung 9.3.93, erteilt 14.12.93; {European}
                  {Patent} 0614795, US-Patent 54 28 536},
  year =	 1993,
  pages =	 {4},
  access =	 public,
}

@inproceedings{acker:94,
  author =	 {J. Ackermann},
  title =	 {Robust decoupling of car steering dynamics with
                  arbitrary mass distribution},
  booktitle =	 {Proc. American Control Conference},
  year =	 1994,
  volume =	 {2},
  address =	 {Baltimore, USA},
  pages =	 {1964-1968},
  access =	 public,
}

@misc{acker:94al,
  author =	 {J. Ackermann and D. Kaesbauer and W. Sienel and
                  R. Steinhauser},
  title =	 {Robuste {Regelung}},
  howpublished = {Carl-Cranz-Lehrgang Robuste Regelung (DR3.04), Buch
                  Springer-Verlag},
  year =	 1994,
  access =	 public,
}

@article{acker:94c,
  author =	 {J. Ackermann},
  title =	 {Robust decoupling, ideal steering Dynamics, and yaw
                  stabilization of {4WS} cars},
  journal =	 {Automatica},
  year =	 1994,
  volume =	 {30},
  pages =	 {1761-1768},
  access =	 public,
}

%Institutsbericht DLR IB 515-93-20},
@inproceedings{acker:94e,
  author =	 {J. Ackermann},
  title =	 {Parameter space design methods for analysis and
                  design of robust control},
  booktitle =	 {Proc. Robust and Adaptive Control Tutorial Workshop},
  year =	 1994,
  address =	 {Dublin},
  access =	 public,
}

%DLR Int. Rep. 515-93-30},
@inproceedings{acker:94f,
  author =	 {J. Ackermann},
  title =	 {Yaw rate and lateral acceleration feedback for
                  four-wheel steering},
  booktitle =	 {Proc. Symp. on Advanced Vehicle Control},
  year =	 1994,
  address =	 {Tsukuba, Japan},
  pages =	 {165-170},
  access =	 public,
}

@inproceedings{acker:94g,
  author =	 {J. Ackermann and V. I. Utkin},
  title =	 {Sliding mode control design based on {Ackermann's}
                  formula},
  booktitle =	 {Proc. The 33rd IEEE Conf. on Decision and Control},
  year =	 1994,
  address =	 {Lake Buena Vista, Florida, USA},
  access =	 public,
  url =
                  {http://dv.op.dlr.de/FF-DR-RR/PUBLICATIONS/docs/acker94g.ps.gz},
  filesize =	 {48 kB gzipped PostScript file}
}

% DLR IB-515-94-23},
@misc{acker:94h,
  author =	 {J. Ackermann},
  title =	 {Robust control for car steering},
  howpublished = {Seminarvortrag 28. Nov. 94, Royal Inst. of
                  Technology, Stockholm},
  year =	 1994,
  access =	 nonpub,
}

@misc{acker:94i,
  author =	 {J. Ackermann},
  title =	 {Robuste {Regelung}},
  howpublished = {Vorlesung Wintersemester Technische Universit\"at
                  M\"unchen 93/94},
  address =	 {M\"unchen},
  year =	 1994,
  access =	 public,
}

@inproceedings{acker:95,
  author =	 {J. Ackermann and X. Hu},
  title =	 {Acceleration and braking effects on robustly
                  decoupled car steering},
  booktitle =	 {Proc. Third European Control Conference},
  year =	 1995,
  address =	 {Rome},
  pages =	 {737-743},
  access =	 public,
}

@inproceedings{acker:95a,
  author =	 {J. Ackermann},
  title =	 {Safe and comfortable travel by robust control},
  booktitle =	 {Proc. Third European Control Conference},
  year =	 1995,
  address =	 {Rome},
  note =	 {Plenary Keynote Lecture},
  access =	 public,
}

@inproceedings{acker:95b,
  author =	 {J. Ackermann and T. B\"unte},
  title =	 {Automatic car steering control bridges over the
                  driver reaction time},
  booktitle =	 {Proc. 3rd IEEE Mediterranean Symposium on {New}
                  {Directions} in {Control} and {Automation}},
  address =	 {Limassol, Cyprus},
  year =	 1995,
  pages =	 {293-300},
  access =	 public,
  url =
                  {http://dv.op.dlr.de/FF-DR-RR/PUBLICATIONS/docs/acker95b.ps.gz},
  filesize =	 {78 kB gzipped PostScript file}
}

@article{acker:95c,
  author =	 {J. Ackermann and T. B\"unte and H. Jeebe and K. Naab
                  and W. Sienel},
  title =	 {Fahrsicherheit durch robuste {Lenkregelung}},
  journal =	 {Automatisierungstechnik},
  month =	 May,
  year =	 1996,
  pages =	 {219-225},
  access =	 public,
  url =
                  {http://dv.op.dlr.de/FF-DR-RR/PUBLICATIONS/docs/acker95c.ps.gz},
  filesize =	 {619 kB gzipped PostScript file}
}

@inproceedings{acker:95d,
  author =	 {J. Ackermann},
  title =	 {Yaw disturbance attenuation by robust decoupling of
                  car steering},
  booktitle =	 {Proc. 13th IFAC World Congress},
  year =	 1996,
  volume =	 {Q},
  pages =	 {1-6},
  address =	 {San Francisco},
  access =	 public,
  url =
                  {http://dv.op.dlr.de/FF-DR-RR/PUBLICATIONS/docs/acker95d.ps.gz},
  filesize =	 {54 kB gzipped PostScript file}
}

@incollection{acker:95e,
  author =	 {J. Ackermann},
  title =	 {Safe and comfortable travel by robust control},
  booktitle =	 {Trends in Control: A European Perspective},
  editor =	 {{A. Isidori}{\it~et al.}},
  publisher =	 {Springer, London},
  year =	 1995,
  pages =	 {1-16},
  access =	 public,
}

@techreport{acker:95f,
  author =	 {J. Ackermann},
  title =	 {Yaw disturbance attenuation by robust decoupling of
                  car steering},
  institution =	 {DLR},
  address =	 {Oberpfaffenhofen, Germany},
  number =	 {IB 515-95-2},
  year =	 1995,
  access =	 nonpub,
}

@techreport{acker:95g,
  author =	 {J. Ackermann and T. B\"unte},
  title =	 {Automatic car steering control bridges over the
                  driver reaction time},
  institution =	 {DLR},
  address =	 {Oberpfaffenhofen, Germany},
  number =	 {IB 515-95-4},
  year =	 1995,
  access =	 nonpub,
}

@techreport{acker:95h,
  author =	 {J. Ackermann and T. B\"unte and H. Jeebe and K. Naab
                  and W. Sienel},
  title =	 {Fahrsicherheit durch robuste {Lenkregelung}},
  institution =	 {DLR},
  address =	 {Oberpfaffenhofen, Germany},
  number =	 {IB 515-95-5},
  year =	 1995,
  access =	 nonpub,
}

@techreport{acker:95i,
  author =	 {J. Ackermann and W. Sienel and T. B\"unte and
                  H. Jeebe and K. Naab},
  title =	 {Aktiv geregelte {Autolenkung}},
  institution =	 {DLR},
  note =	 {Projektabschlu{\ss}bericht Verbundprojekt BMW/DLR},
  address =	 {Oberpfaffenhofen, Germany},
  number =	 {},
  year =	 1995,
  access =	 nonpub,
}

@techreport{acker:96a,
  author =	 {J. Ackermann and T. B\"unte},
  title =	 {Handling Improvement for Robustly Decoupled Car
                  Steering Dynamics},
  institution =	 {DLR},
  address =	 {Oberpfaffenhofen, Germany},
  number =	 {IB 515-96-4},
  year =	 1996,
  access =	 nonpub,
}

@inproceedings{acker:96b,
  author =	 {J. Ackermann and T. B\"unte and W. Sienel and
                  H. Jeebe and K. Naab},
  title =	 {Driving Safety by Robust Steering Control},
  booktitle =	 {Proc. Int. Symposium on Advanced Vehicle Control},
  address =	 {Aachen, Germany},
  month =        {June},
  year =	 1996,
  access =	 public,
  url =
                  {http://dv.op.dlr.de/FF-DR-RR/PUBLICATIONS/docs/acker96b.ps.gz},
  filesize =	 {620 kB gzipped PostScript file}
}

@inproceedings{acker:96c,
  author =	 {J. Ackermann and T. B\"unte},
  title =	 {Handling Improvement for Robustly Decoupled Car
                  Steering Dynamics},
  booktitle =	 {Proc. 4th IEEE Mediterranean Symposium on New
                  Directions in Control \& Automation},
  year =	 1996,
  address =	 {Chania, Crete, Greece},
  access =	 public,
  url =
                  {http://dv.op.dlr.de/FF-DR-RR/PUBLICATIONS/docs/acker96c.ps.gz},
  filesize =	 {213 kB gzipped PostScript file}
}

@TechReport{acker:96d,
  author =	 {J. Ackermann and T. B\"unte and D. Joos and J. Mari
                  and W. Sienel and R. Steinhauser},
  title =	 {HIRM Design Challenge Presentation Document: the
                  Parameter Space Approach and Design by
                  Multi-objective Optimization},
  institution =	 {GARTEUR},
  year =	 1996,
  number =	 {TP-088-27},
  month =	 {Sept. 14},
  access =	 nonpub,
}

@Article{acker:96e,
  author =	 {J. Ackermann},
  title =	 {Regelungstechnik im {Auto}},
  journal =	 {Automatisierungstechnik},
  year =	 {1996},
  volume =	 {44},
  number =	 {5},
  pages =	 {199-200},
  note =	 {Editorial},
  access =	 public,
}

@misc{acker:96pat,
  author =	 {J. Ackermann},
  title =	 {Verfahren zur {Lenkunterst\"utzung} eines {Fahrers}
                  eines {Stra\ss enfahrzeugs}},
  howpublished = {Patent {No.} {P} 19650691.3-21 {Deutsches}
                  {Patentamt} {M\"unchen}},
  note =	 {Anmeldung 7.12.96},
  year =	 1996,
  access =	 public,
}

@article{acker:97,
  author =	 {J. Ackermann and T. B\"unte},
  title =	 {Automatic car steering control bridges over the
                  driver reaction time},
  journal =	 {Kybernetika},
  number =	 {1},
  volume =	 {33},
  pages =	 {61-74},
  year =	 1997,
  access =	 public,
  url =
                  {http://dv.op.dlr.de/FF-DR-RR/PUBLICATIONS/docs/acker97.ps.gz},
  filesize =	 {91 kB gzipped PostScript file}
}

@InProceedings{acker:97a,
  author =	 {J. Ackermann and T. B\"unte},
  title =	 {Robust Prevention of Limit Cycles for Robustly
                  Decoupled Car Steering Dynamics},
  booktitle =	 {Proc. 5th IEEE Mediterranean Conference on Control
                  and Systems},
  month =	 {July},
  year =	 1997,
  address =	 {Paphos, Cyprus},
  access =	 public,
  url =
                  {http://dv.op.dlr.de/FF-DR-RR/PUBLICATIONS/docs/acker97a.ps.gz},
  filesize =	 {72 kB gzipped PostScript file}
}

@InProceedings{acker:97b,
  author =	 {J. Ackermann and T. B\"unte},
  title =	 {Actuator rate limits in robust car steering control},
  booktitle =	 {Proc. 36th IEEE Conf. Decision and Control},
  month =	 {Dec.},
  year =	 1997,
  address =	 {San Diego, USA},
  access =	 public,
  url =   {http://dv.op.dlr.de/FF-DR-RR/PUBLICATIONS/docs/acker97b.ps.gz},
  filesize =	 {67 kB gzipped PostScript file}
}

@Article{acker:97c,
  author =	 {J. Ackermann},
  title =	 {Robust control prevents car skidding},
  journal =	 {IEEE Control Systems Magazine},
  year =	 1997,
  month =	 {June},
  pages =        {23-31},
  note =	 {Bode Prize Lecture 1996},
  url =
                  {http://www.op.dlr.de/FF-DR-RR/BODE_LECTURE/www_bode.ps.gz},
  filesize =	 {524 kB gzipped PostScript file},
  access =	 public,
}

@Article{acker:97d,
  author =	 {J. Ackermann and T. B\"unte},
  title =	 {Yaw disturbance attenuation by robust decoupling of
                  car steering},
  journal =	 {Control Engineering Practice},
  volume =       {5},
  number =	 {8},
  pages =	 {1131-1136},
  year =	 1997,
  access =	 public,
}

@TechReport{acker:97e,
  author =	 {J. Ackermann and T. B\"unte and W. Sienel},
  title =	 {Auto-{Hinterradlenkung} zur
                  {St\"ormoment}-{Kompensation}},
  institution =	 {DLR},
  address =	 {Oberpfaffenhofen, Germany},
  number =	 {IB 515-97-?},
  year =	 1997,
  access =	 nonpub,
}

@Article{acker:97f,
  author =	 {J. Ackermann and T. B\"unte},
  title =	 {Robust Prevention of Limit Cycles for Robustly
                  Decoupled Car Steering Dynamics},
  journal =	 {Kybernetika},
  number =	 {1},
  volume =	 {35},
  pages =	 {105-116},
  year =	 {1999},
  access =	 public,
  url =          {http://dv.op.dlr.de/FF-DR-RR/PUBLICATIONS/docs/acker97f.ps.gz},
  filesize =	 {101 kB gzipped PostScript file}
}

@inproceedings{acker:97g,
  author =	 {J. Ackermann},
  title =	 {Robust control prevents car skidding},
  booktitle =	 {Proc. COSY Workshop},
  year =	 1997,
  pages =	 {92-111},
  month =	 {Jan.},
  address =	 {Z\"urich},
  access =	 public,
}

@article{acker:97h,
  author =	 {J. Ackermann and V. I. Utkin},
  title =	 {Sliding mode control design based on {Ackermann's}
                  formula},
  journal =	 {to appear IEEE Trans. on Automatic Control},
  volume =	 {},
  pages =	 {},
  year =	 1997,
  access =	 public,
}

@misc{acker:97patengl,
  author =	 {J. Ackermann and T. B\"unte and J. Dietrich and
                  B. Gombert and B. Willberg},
  title =	 {Aktuator zum {Korrigieren} eines \"uber das
                  {Lenkrad} eines {Fahrzeugs} an die {R\"ader} einer
                  gelenkten {Achse} eingegebenen {Lenkwinkels}},
  howpublished = {Patent {Application} 197 50 585.6 {Deutsches}
                  {Patentamt} {M\"unchen}},
  year =	 {filed Nov. 17, 1997},
}

@misc{acker:97pat,
  author =	 {J. Ackermann and T. B\"unte and J. Dietrich and
                  B. Gombert and B. Willberg},
  title =	 {Aktuator zum {Korrigieren} eines \"uber das
                  {Lenkrad} eines {Fahrzeugs} an die {R\"ader} einer
                  gelenkten {Achse} eingegebenen {Lenkwinkels}},
  howpublished = {Patentanmeldung 197 50 585.6 {Deutsches}
                  {Patentamt} {M\"unchen}},
  year =	 {17.11.1997},
}

@InProceedings{acker:98,
  author = 	 {J. Ackermann and D. Odenthal},
  title = 	 {Robust steering control for active rollover
                  avoidance of vehicles with elevated center of gravity},
  booktitle = 	 {Proc. International Conference on Advances in Vehicle
                  Control and Safety},
  OPTpages = 	 {},
  year = 	 {1998},
  address = 	 {Amiens, France},
  month = 	 {July},
  access =	 public,
  url =          {http://dv.op.dlr.de/FF-DR-RR/PUBLICATIONS/docs/acker98.ps.gz},
  filesize =	 {114 kB gzipped PostScript file}
}

@InProceedings{acker:98a,
  author = 	 {J. Ackermann and T. B\"unte},
  title = 	 {Handling improvement of robust car steering},
  booktitle = 	 {Proc. International Conference on Advances in Vehicle
                  Control and Safety},
  OPTpages = 	 {},
  year = 	 {1998},
  address = 	 {Amiens, France},
  month = 	 {July},
  access =	 public,  
  url =          {http://dv.op.dlr.de/FF-DR-RR/PUBLICATIONS/docs/acker98a.ps.gz},
  filesize =	 {126 kB gzipped PostScript file}
}

@InProceedings{acker:98b,
  author = 	 {J. Ackermann},
  title = 	 {Robust unilateral decoupling of the influence of the
                  yaw motion on the lateral acceleration of a car},
  booktitle = 	 {Proc. International Conference on Advances in Vehicle
                  Control and Safety},
  OPTpages = 	 {},
  year = 	 {1998},
  address = 	 {Amiens, France},
  month = 	 {July},
}

@InProceedings{acker:98c,
  author = 	 {J. Ackermann},
  title = 	 {Active steering for better safety, handling, and comfort},
  booktitle = 	 {Proc. International Conference on Advances in Vehicle
                  Control and Safety},
  OPTpages = 	 {},
  note =	 {Plenary Lecture},
  year = 	 {1998},
  address = 	 {Amiens, France},
  month = 	 {July},
  access =	 public,  
  url =          {http://dv.op.dlr.de/FF-DR-RR/PUBLICATIONS/docs/acker98c.ps.gz},
  filesize =	 {882 kB gzipped PostScript file}
}

@TechReport{acker:98d,
  author = 	 {J. Ackermann and T. B\"unte and C. Chen and J. Guldner,
                  D. Odenthal and S. Patwardhan and W. Sienel and H.S. Tan},
  title = 	 {Robust Control for Car Steering},
  institution =  {DLR},
  year = 	 {1998},
  number = 	 {IB 515-98-14},
  address =	 {Oberpfaffenhofen, Germany},
  note = 	 {Collection of contributions to the AVCS'98, Amiens
                  (France), July 1-3, 1998},
}

@InProceedings{acker:98e, 
  author =       {J. Ackermann and D. Odenthal}, 
  title =        {Damping of vehicle roll dynamics by gain scheduled active steering}, 
  booktitle =    {European Control Conference}, 
  year =         {1999}, 
  address =      {Karlsruhe, Germany}, 
  keywords =      {rollover avoidance, active steering, gain 
                  scheduling, parameter space approach, robust 
                  control}, 
  access  =       public, 
} 
  
@TechReport{acker:98f,
  author = 	 {J. Ackermann and D. Odenthal},
  title = 	 {Robust speed scheduled steering control for active
                  rollover avoidance},
  institution =  {DLR},
  year = 	 {1998},
  number = 	 {IB 515-98-18},
  address =	 {Oberpfaffenhofen, Germany},
  keywords =      {rollover avoidance, active steering, gain
                  scheduling, parameter space approach, robust control}
}

@InProceedings{acker:98g,
  author = 	 {J. Ackermann and D. Odenthal and T. B\"unte},
  title = 	 {Advantages of active steering for vehicle dynamics control},
  booktitle = 	 {Proc. International Symposium
                  on Automotive Technology and Automation},
  OPTpages = 	 {},
  year = 	 {1999},
  address = 	 {Vienna},
  access =	 public,
}

@inproceedings{ackkaes:81,
  author =	 {J. Ackermann and D. Kaesbauer},
  title =	 {D-Decomposition in the space of feedback gains for
                  arbitrary pole regions},
  booktitle =	 {Proc. 8th IFAC Congress},
  year =	 1981,
  address =	 {Kyoto},
  volume =	 {IV},
  pages =	 {12-17},
  access =	 public,
}

@techreport{aneke:98,
  author =	 {N. Aneke},
  title =	 {Application of disturbance decoupling to active car steering},
  institution =	 {DLR},
  note =	 {Supervisors J. Ackermann and T. B\"unte},
  address =	 {Oberpfaffenhofen, Germany},
  number =	 {IB 515-98-14 (Diplomarbeit)},
  year =	 1998,
  access =	 nonpub,
}

@InProceedings{aneke:98a,
  author = 	 {N. Aneke and J. Ackermann and T. B\"unte and H. Nijmeijer},
  title = 	 {Application of Nonlinear Disturbance Decoupling to Active Car Steering},
  booktitle = 	 {European Control Conference},
  year = 	 {1999},
  address = 	 {Karlsruhe, Germany},
  access =       public,
  keywords =     {vehicle dynamics control, active steering, nonlinear disturbance decoupling}
}

@inproceedings{barm:90,
  author =	 {B.R. Barmish and J. Ackermann and H.Z. Hu},
  title =	 {The tree structured decomposition: a new approach to
                  robust stability analysis},
  booktitle =	 {Proc. Conf. on Information Sciences and Systems},
  address =	 {Princeton},
  pages =	 {133-139},
  year =	 1990,
  access =	 public,
}

@article{buent:94,
  author =	 {P. Krauss and K. Da\ss{} and T. B\"unte},
  title =	 {{Pr\"adiktiver} {Regler} mit {Kalman}-{Filter} zur
                  {Zustandssch\"atzung}},
  journal =	 {Automatisierungstechnik},
  year =	 1994,
  volume =	 {12},
  pages =	 {533-539},
  access =	 public,
}

@PhdThesis{buent:98,
  author = 	 {T. B\"unte},
  title = 	 {Beitr\"age zur robusten {Lenkregelung} von {Personenkraftwagen}},
  school = 	 {RWTH Aachen},
  year = 	 {1998},
  OPTkey = 	 {},
  OPTtype = 	 {},
  OPTaddress = 	 {},
  OPTmonth = 	 {Tag der mdl. Pr\"ufung: 17.8.1998},
  note = 	 {Erh\"altlich als VDI Fortschritt-Bericht, Reihe 12,
                  Nr.~366, VDI-Verlag, D\"usseldorf, 1998},
  OPTnote    =   {ISBN 3-18-336612-6},
  access =	 public,
  url =       {http://dv.op.dlr.de/FF-DR-RR/PUBLICATIONS/docs/buent98_pages.ps.gz},
  filesize =	 {164 kB gzipped PostScript file (Nur Inhalt und Einleitung)}
}

@inproceedings{buent:99,
  author =	 {T. B\"unte},
  title =	 {Mapping of {N}yquist/{P}opov Theta-Stability Margins into Parameter Space},
  booktitle =	 {Proc. 3rd IFAC Symposium on Robust Control Design},
  year =	 2000,
  address =       {Prague, Czech Republic},
  Optpages =	 {},
  access =	 nonpub,
}

@article{farl:89,
  author =	 {A.G.J. MacFarlane and G. Gr\"ubel and J. Ackermann},
  title =	 {Future Design Environments for Control Engineering},
  journal =	 {Automatica},
  year =	 1989,
  volume =	 {25, No. 2},
  pages =	 {165-176},
  access =	 public,
}

@article{frankl:81,
  author =	 {S.N. Franklin and J. Ackermann},
  title =	 {Robust flight control: a design example},
  journal =	 {AIAA J. Guidance and Control},
  year =	 1981,
  volume =	 4,
  pages =	 {597-605},
  access =	 public,
}

@article{guld:87,
  author =	 {J. Guldner and M. Weidmann},
  title =	 {The fate of the fallout from {Chernobyl} in bavarian
                  soil},
  journal =	 {BASE, Journal of Science},
  address =	 {Berkeley, CA, USA},
  pages =	 {42-44},
  year =	 1987,
  access =	 nonpub,
}

@article{guld:88,
  author =	 {J. Guldner and M. Weidmann},
  title =	 {Das {Schicksal} des {Fallouts} von {Tschernobyl} im
                  {Bayerischen} {Boden}},
  journal =	 {Junge Wissenschaft},
  address =	 {Bremen, Germany},
  pages =	 {42-46},
  year =	 1988,
  access =	 nonpub,
}

@inproceedings{guld:92a,
  author =	 {J. J. Carroll and D. M. Dawson and Z. Qu and
                  J. Guldner},
  title =	 {Tracking control of rigid-link electrically-driven
                  robot manipulators operating under motion
                  constraints},
  booktitle =	 {Proc. IEEE Southeastern Symp. on Systems Theory},
  year =	 1992,
  address =	 {Greensboro, NC, USA},
  access =	 nonpub,
}

@inproceedings{guld:92b,
  author =	 {J. Guldner and J. J. Carroll and D. M. Dawson and
                  Z. Qu},
  title =	 {Utilization of advanced controllers for robotic
                  manipulators in waste treatment technology},
  booktitle =	 {Proc. SPECTRUM'92, Nuclear and Hazardous Waste
                  Management Int. Meeting},
  year =	 1992,
  address =	 {Boise, ID, USA},
  access =	 nonpub,
}

@inproceedings{guld:92c,
  author =	 {J. Guldner and J. J. Carroll and D. M. Dawson and
                  Z. Qu},
  title =	 {Robust Tracking control of rigid-link
                  electrically-driven robots},
  booktitle =	 {Proc. IEEE Conf. Decision and Control},
  year =	 1992,
  address =	 {Tuscon, AZ, USA},
  pages =	 {1866-1868},
  access =	 nonpub,
}

@book{guld:92d,
  author =	 {J. Guldner},
  title =	 {Tracking Control of rigid-link electrically-driven
                  robot manipulators},
  publisher =	 {Master's Thesis at Clemson University},
  address =	 {Clemson, SC, USA},
  year =	 1992,
  access =	 nonpub,
}

@article{guld:92e,
  author =	 {J. Guldner and D. M. Dawson and Z. Qu},
  title =	 {Hybrid adaptive control for the tracking of
                  rigid-link electrically-driven robots},
  journal =	 {Advanced Robotics},
  year =	 1992,
  access =	 nonpub,
}

@article{guld:92f,
  author =	 {J. Guldner and D. M. Dawson and Z. Qu},
  title =	 {Position and force tracking control of rigid-link
                  electrically-driven robots},
  journal =	 {Journal of Intelligent and Robotic Systems},
  year =	 1994,
  volume =	 {10},
  pages =	 {173-190},
  access =	 nonpub,
}

@article{guld:92g,
  author =	 {J. Guldner and J. J. Carroll and D. M. Dawson and
                  Z. Qu},
  title =	 {Robust Tracking control of rigid-link
                  electrically-driven robots},
  journal =	 {Int. Journal of Systems Science},
  year =	 1994,
  volume =	 {25, no. 3},
  access =	 nonpub,
}

@inproceedings{guld:93a,
  author =	 {J. Guldner and V. I. Utkin},
  title =	 {Sliding mode control for an Obstacle Avoidance
                  Strategy based on an Electrical Potential Field},
  booktitle =	 {Proc. IEEE Conf. Decision and Control},
  year =	 1993,
  address =	 {San Antonio, TX, USA},
  pages =	 {424-429},
  access =	 nonpub,
}

@article  {guld:93b,
  author =	 {J. Guldner and V. I. Utkin},
  title =	 {Sliding Mode Control for Gradient Tracking and Robot
                  Navigation using Artificial Potential Fields},
  journal =	 {IEEE Trans. on Robotics and Automation},
  pages =	 {247-254},
  year =	 1995,
  volume =	 {11,~no.~2},
  access =	 nonpub,
}

@inproceedings{guld:93c,
  author =	 {J. Guldner and V. I. Utkin and R. Bauer},
  title =	 {On the navigation of mobile robots in narrow
                  passages: {A} general framework based on sliding
                  mode theory},
  booktitle =	 {Preprints IFAC Symp. on Robot Control},
  address =	 {Capri, Italy},
  pages =	 {79-84},
  year =	 1994,
  access =	 nonpub,
}

@inproceedings{guld:93d,
  author =	 {J. Guldner and V. I. Utkin},
  title =	 {An Integrated System Structure for the Path Control
                  of Mobile Robots},
  booktitle =	 {Proc. 9. Fachgespr\"ach \"uber Autonome Mobile
                  Systeme},
  year =	 1993,
  address =	 {M\"unchen, Germany},
  pages =	 {239-250},
  access =	 nonpub,
}

@inproceedings{guld:94a,
  author =	 {J. Ackermann and J. Guldner and V. I. Utkin},
  title =	 {A robust nonlinear control approach to automatic
                  path tracking of a car},
  booktitle =	 {Proc. IEE Int. Conf. Control '94},
  month =	 {March},
  year =	 1994,
  address =	 {Coventry, UK},
  pages =	 {196-201},
  access =	 public,
}

@inproceedings{guld:94b,
  author =	 {J. Guldner and V. I. Utkin},
  title =	 {On the path control of mobile robots: {Major} system
                  components and their interrelations},
  booktitle =	 {Proc. IEE Int. Conf. Control '94},
  year =	 1994,
  address =	 {Coventry, UK},
  pages =	 {577-583},
  access =	 nonpub,
}

@inproceedings{guld:94c,
  author =	 {J. Guldner and V. I. Utkin and J. Ackermann},
  title =	 {A Sliding Mode Approach to Automatic Car Steering},
  booktitle =	 {Proc. American Control Conference},
  year =	 1994,
  pages =	 {1969-1973},
  address =	 {Baltimore, MA, USA},
  access =	 public,
}

@inproceedings{guld:94d,
  author =	 {J. Guldner and V. I. Utkin and R. Bauer},
  title =	 {Mobile Robots in Complex Environments: {A}
                  Three-Layered Hierarchical Path Control System},
  booktitle =	 {Proc. IEEE/RSJ Int. Conf. on Intelligent Robots and
                  Systems},
  year =	 1994,
  pages =	 {1891-1897},
  address =	 {M\"unchen, Germany},
  access =	 nonpub,
}

@inproceedings{guld:94e,
  author =	 {J. Guldner and V. I. Utkin},
  title =	 {Sliding mode control for mobile robots},
  booktitle =	 {Proc. IEEE Workshop on Variable Structure \&
                  Lyapunov Techniques},
  pages =	 {4-11},
  address =	 {Beneveto, Italy},
  year =	 1994,
  access =	 nonpub,
}

@inproceedings{guld:94f,
  author =	 {J. Guldner and V. I. Utkin},
  title =	 {Stabilization of Non-holonomic mobile robots using
                  {Lyapunov} functions for navigation and sliding mode
                  control},
  booktitle =	 {Proc. IEEE Conf. Decision and Control},
  year =	 1994,
  access =	 nonpub,
}

@inproceedings{guld:94g,
  author =	 {J. Guldner and V. I. Utkin and R. Bauer},
  title =	 { Sliding Mode Navigation Control of Nonholonomic
                  Mobile Robots},
  booktitle =	 {Proc. First Asian Control Conference},
  year =	 1994,
  pages =	 {393-396},
  address =	 {Tokyo, Japan},
  access =	 nonpub,
}

@article{guld:94h,
  author =	 {J. Guldner and V. I. Utkin and R. Bauer},
  title =	 { A Three-Layered Hierarchial Path Control System for
                  Mobile Robots: Algorithms and Experiments},
  journal =	 {Robotics and Autonomous Systems},
  pages =	 {133-147},
  volume =	 {14},
  year =	 1995,
  access =	 nonpub,
}

@inproceedings{guld:94i,
  author =	 {J. Guldner},
  title =	 {Path Control of Non-Holonomic Mobile Robots Using
                  Sliding Mode},
  booktitle =	 {Proceedings of the 72th JSME Fall Annual Meeting},
  year =	 1994,
  address =	 {Sapporo, Japan},
  volume =	 {IV},
  pages =	 {38-40},
  access =	 nonpub,
}

@inproceedings{guld:94j,
  author =	 {J. Guldner and V. I. Utkin},
  title =	 {Sliding Mode Steering Control for Automated Cars},
  booktitle =	 {{\it 37th} {Lecture} notes: {Sliding} Mode Control -
                  {Nonlinear} Robust Control Design},
  year =	 1994,
  pages =	 {65-74},
  address =	 {Institute of Industrial Science, Uni. of Tokyo,
                  Japan},
  access =	 nonpub,
}

@article{guld:95a,
  author =	 {J. Guldner and V. I. Utkin},
  title =	 {Stabilization of Non-holonomic mobile robots using
                  {Lyapunov} functions for navigation and sliding mode
                  control},
  journal =	 {{\sc Control} -- Theory and Advanced Technology
                  (special issue on Sliding Mode Control)},
  volume =	 {10, no.~4},
  pages =	 {635-647},
  month =	 {Dec.},
  year =	 1994,
  access =	 nonpub,
}

@incollection{guld:95b,
  editor =	 {U. Rembold and R. Dillmann and L.O. Hertzberger and
                  T. Kanade},
  author =	 {J. Guldner and U. Bremer},
  title =	 {Multiple wave processing for global path planning},
  booktitle =	 {Intelligent Autonomous Systems {I}{A}{S}-4},
  pages =	 {427-434},
  publisher =	 {IOS Press},
  address =	 {Amsterdam, The Netherlands},
  year =	 1995,
  access =	 nonpub,
}

@article{guld:95c,
  author =	 {J. Guldner and V. I. Utkin},
  title =	 { Tracking the Gradient of Artificial Potential
                  Fields: Sliding Mode Control for Mobile Robots},
  journal =	 {Int. Journal of Control, DLR
                  TR-515-94-25},
  year =	 1994,
  access =	 nonpub,
}

@article{guld:95d,
  author =	 {J. Guldner and V. I. Utkin and H. Hashimoto},
  title =	 { Robot Obstacle Avoidance in $n$-Dimensional Space
                  Using Planar Harmonic Artificial Potential Fields},
  journal =	 {IEEE Trans. on Ind. Electronics, DLR
                  TR-515-94-24},
  year =	 1994,
  access =	 nonpub,
}

@inproceedings{guld:95e,
  author =	 {J. Guldner and V. I. Utkin and H. Hashimoto and
                  F. Harashima},
  title =	 {Obstacle Avoidance in ${R}^n$ based on artificial
                  harmonic potential fields},
  booktitle =	 {Conference on Robotics and Automation},
  adress =	 {Nagoya, Japan},
  pages =	 {3051-3056},
  year =	 1995,
  access =	 nonpub,
}

@inproceedings{guld:95f,
  author =	 {J. Guldner and V. I. Utkin and H. Hashimoto and
                  F. Harashima},
  title =	 {Tracking Gradients of Artificial Potential fields
                  with non-holonomic mobile robots},
  booktitle =	 {Proc. American Control Conference},
  year =	 1995,
  access =	 nonpub,
}

@inproceedings{guld:95g,
  author =	 {J. Guldner and V. I. Utkin and J. Ackermann and
                  T. B\"unte},
  title =	 {Sliding Mode Control for active steering of cars},
  booktitle =	 {Preprints IFAC Workshop on Advances in Automotive
                  control},
  year =	 1995,
  pages =	 {57-62},
  address =	 {Ascona, Schweiz},
  access =	 public,
}

% adress      = {Seattle, OR, USA},
@inproceedings{guld:97,
  author =	 {J. Guldner and W. Sienel and J. Ackermann and
                  Satyajit Patwardhan and Han-Shue Tan and T. B\"unte},
  title =	 {Robust control design for automatic steering based
                  on feedback of front and tail lateral displacement},
  booktitle =	 {Proc. 4th European Control Conference},
  year =	 1997,
  address =	 {Brussels, Belgium},
  access =	 public,
}

@Article{guld:97a,
 author    = {J. Guldner  and W. Sienel and {H.-S.}~Tan and J. Ackermann
and S. Patwardhan and T. B\"unte},
 title     = {Robust Automatic Steering Control for Look-Down Reference
Systems with Front and Rear Sensors},
  journal =	 {IEEE Trans. on Control Systems Technology},
  pages     = {2-11},
  volume    = {7, no. 1},
  year      = 1999,
  access =	public,
}


@Article{guld:97b,
  author =	 {J. Guldner},
  title =	 {Lokale {Kollisionsvermeidung} f\"ur mobile {Roboter}
                  mittels k\"unstlicher harmonischer
                  {Dipol}-{Potentiale}},
  journal =	 {Automatisierungstechnik},
  year =	 1997,
  pages =	 {24-35},
  volume =	 {1},
  access =	 public,
}

@TechReport{guld:97c,
  author =	 {J. Guldner and W. Sienel and Han-Shue Tan and
                  J. Ackermann and Satyajit Patwardhan and T. B\"unte},
  title =	 {Robust automatic steering control for look-down
                  reference systems with front and rear sensors},
  institution =  {California PATH},
  year = 	 {1997},
  number = 	 {UCB-ITS-PWP-97-24},
  address = 	 {University of California},
  month = 	 {Sept.},
  access =	 public,
}

@misc{guld:patent,
  author =	 {J. Guldner},
  title =	 {Autonomes {N}avigations-{S}ystem f\"ur einen mobilen
                  {R}oboter oder {M}anipulator},
  howpublished = {Patent {No.} {P} 4408982.1 {Deutsches} {Patentamt}
                  {M\"unchen}},
  month =	 {Anmeldung 16.3.94},
  year =	 1994,
  access =	 nonpub,
}

@phdthesis{guld:phd,
  author =	 {J. Guldner},
  title =	 {Intelligentes hierarchisches {Regelungskonzept}
                  f\"ur autonome mobile {Robotersysteme} (in
                  {German})},
  school =	 {VDI-Verlag (Reihe Fortschritt-Berichte),
                  D"usseldorf, Germany},
  year =	 1995,
  access =	 public,
}

@inproceedings{hu:91,
  author =	 {H.Z. Hu and C.V. Hollot and R. Tempo and
                  J. Ackermann},
  title =	 {Absence of extreme-point results in sampled-data
                  control systems},
  booktitle =	 {Proc. First European Control Conference},
  address =	 {Grenoble},
  year =	 1991,
  pages =	 {1356-1359},
  access =	 public,
}

@phdthesis{kaes:86,
  author =	 {D. Kaesbauer},
  title =	 {Robuster {Reglerentwurf} durch {Kontraktion} eines
                  {Polgebiets}},
  school =	 {Institut f\"ur Elektrotechnik, Technische
                  Universit\"at Graz},
  year =	 1986,
  access =	 public,
}

@inproceedings{kaes:90,
  author =	 {D. Kaesbauer and J. Ackermann},
  title =	 {The distance from stability or gamma-stability
                  boundaries},
  booktitle =	 {Proc. 11th IFAC Congress},
  address =	 {Tallinn},
  year =	 1990,
  pages =	 {130-134},
  access =	 public,
}

@article{kaes:93,
  author =	 {D. Kaesbauer},
  title =	 {On robust stability of polynomials with polynomial
                  parameter dependency: two/three parameter case},
  journal =	 {Automatica},
  year =	 1993,
  number =	 1,
  volume =	 29,
  pages =	 {215-217},
  access =	 public,
}

@InProceedings{kaes:98,
  author = 	 {D. Kaesbauer and J. Ackermann},
  title = 	 {How to escape from the fragility trap},
  booktitle = 	 {Proc. American Control Conference},
  year = 	 {1998},
  address = 	 {Philadelphia},
  month = 	 {June},
  OPTpages =     {},
  access =       public,
}

@inproceedings{kaes:99a,
  author =	 {D. Kaesbauer},
  title =	 {Solving nonlinear parametric mapping equations},
  booktitle =	 {Proc. 3rd IFAC Symposium on Robust Control Design},
  year =	 2000,
  address =       {Prague, Czech Republic},
  OPTpages =	 {},
  access =	 nonpub,
}


@techreport{kordt:98,
  author =	 {M. Kordt},
  title =	 {Robust Synergetic Design of a Structural Dynamic
                  Engine Out Controller in Parameter Space},
  institution =	 {DLR},
  address =	 {Oberpfaffenhofen, Germany},
  number =	 {IB 515-98-12},
  year =	 1998,
  access =	 nonpub,
}

@article{kreis:79,
  author =	 {G. Kreisselmeier and R. Steinhauser},
  title =	 {Systematische {Auslegung} von {Reg\-lern} durch
                  {Optimierung} eines vektoriellen {G\"utekriteriums}},
  journal =	 {Regelungstechnik},
  year =	 1979,
  volume =	 27,
  pages =	 {76-79},
  access =	 public,
}

@inproceedings{kreis:79a,
  author =	 {G. Kreisselmeier and R. Steinhauser},
  title =	 {Systematic Control Design by Optimizing a Vector
                  Performance Index},
  booktitle =	 {IFAC Symposium on Computer Aided Design of Control
                  Systems},
  year =	 1979,
  address =	 {Z\"urich},
  pages =	 {113-117},
  access =	 public,
}

@article{kreis:83,
  author =	 {G. Kreisselmeier and R. Steinhauser},
  title =	 {Application of Vector Performance Optimization to a
                  Robust Control Loop Design for a Fighter Aircraft},
  journal =	 {Int. Journal of Control},
  year =	 1983,
  volume =	 37,
  pages =	 {251-284},
  access =	 public,
}

@Misc{lass:97,
  author = 	 {A. Lasslop},
  title = 	 {{Analyse} von {Konzepten} zur {Lenkregelung} von {P}{K}{W}},
  year = 	 {1997},
  note =	 {},
  howpublished = {Studienarbeit, {Universit\"at} {Stuttgart}, {Institut} f\"ur 
                  {Flugmechanik} und {Flugregelung}},
}

@techreport{mari:95,
  author =	 {J. Mari and J. Ackermann},
  title =	 {On robust decoupling: {Theory} and applications},
  institution =	 {DLR},
  address =	 {Oberpfaffenhofen, Germany},
  number =	 {IB 515-95-9},
  year =	 1995,
  access =	 nonpub,
}

@techreport{mari:95a,
  author =	 {J. Mari},
  title =	 {Use of state-derivatives for disturbance rejection
                  and its application to automatic control of
                  vehicles},
  institution =	 {DLR},
  address =	 {Oberpfaffenhofen, Germany},
  number =	 {IB 515-95-10},
  year =	 1995,
  access =	 nonpub,
}

@inproceedings{muhl:99,
  author =	 {M. Muhler and J. Ackermann},
  title =	 {Representing multiple objectives in parameter space
                  using color coding},
  booktitle =	 {Proc. 3rd IFAC Symposium on Robust Control Design},
  year =	 2000,
  address =       {Prague, Czech Republic},
  access =	 nonpub,
}

@techreport{muench:86,
  author =	 {R. M\"unch},
  title =	 {{Reglerauslegung} und {Robustheitsanalyse} f\"ur
                  einen spur\-ge\-f\"uhr\-ten {Bus}},
  institution =	 {DLR},
  address =	 {Oberpfaffenhofen, Germany},
  number =	 {IB 515-86-14},
  year =	 1986,
  access =	 nonpub,
}

@InProceedings{oden:98, 
  author =      {D. Odenthal and T. B\"unte and J. Ackermann}, 
  title =       {Nonlinear steering and braking control for vehicle rollover avoidance}, 
  booktitle =   {European Control Conference}, 
  year =        {1999}, 
  address =     {Karls\-ruhe, Germany}, 
  access =      public, 
  keywords =    {rollover avoidance, active steering, gain 
                  scheduling, parameter space approach, robust control} 
} 
@TechReport{oden:98a, 
  author =       {D. Odenthal}, 
  title =        {Untersuchungen zur {I}dentifikation
                  beladungsabh\"angiger
                  {F}ahrzeugparameter},
  institution =  {DLR}, 
  year =         {1998}, 
  number =       {IB 515-98-??}, 
  address =      {Oberpfaffenhofen, Germany}, 
  keywords =     {parameter estimation, system identification, 
                  height of center of gravity},
  access =       nonpub,
}
@misc{oden:99pat,
  author =	 {D. Odenthal and T. B\"unte},
  title =	 {Verfahren zur {R}eduktion der {K}ippgefahr von {S}tra\3enfahrzeugen},
  howpublished = {Patentanmeldung 199\,18\,597.2 {Deutsches}
                  {Patentamt} {M\"unchen}},
  year =	 {23.04.1999},
}

@inproceedings{oden:99,
  author =	 {D. Odenthal and P. Blue},
  title =	 {Mapping of Frequency domain performance
                  specifications into parameter space},     
  booktitle =	 {Proc. 3rd IFAC Symposium on Robust
                  Control Design}, 
  year =	 2000,
  address =       {Prague, Czech Republic},
  OPTpages =	 {},
  access =	 nonpub,
}

@TechReport{pott:98,
  author =       {U. Potthoff},
  title =        {Robuste {L}enkregelung zur {M}inderung der
                  {K}ippgefahr von {L}astkraftwagen},
  institution =  {DLR},
  year =         1998,
  number =       {IB 515-98-20},
  address =      {Oberpfaffenhofen, Germany},
  optnote =         {Betreuer J. Ackermann und D. Odenthal},
  access =       nonpub,
}

@TechReport{schwa:97,
  author =	 {I. Schwamm},
  title =	 {Analytische und simulative {Untersuchungen} zur
                  {Verbesserung} der robusten {Lenkregelung}},
  institution =	 {DLR},
  year =	 1997,
  number =	 {IB 515-97-14},
  address =	 {Oberpfaffenhofen, Germany},
  note =	 {Betreuer J. Ackermann und T. B\"unte},
  access =	 nonpub,
}

@techreport{sie:89,
  author =	 {W. Sienel},
  title =	 {Erstellung eines {Rechenprogramms} mit grafischer
                  {Ein}- und {Ausgabe} f\"ur die {Robustheitsanalyse}
                  von {Regelungssystemen}},
  institution =	 {DLR},
  address =	 {Oberpfaffenhofen, Germany},
  number =	 {IB 515-89-14},
  year =	 1989,
  access =	 nonpub,
}

@inproceedings{sie:92,
  author =	 {W. Sienel},
  title =	 {Algorithms for tree structured decomposition},
  booktitle =	 {Proc. IEEE Conf. Decision and Control},
  year =	 1992,
  address =	 {Tucson},
  pages =	 {739-740},
  access =	 public,
  url =
                  {http://dv.op.dlr.de/FF-DR-RR/PUBLICATIONS/docs/sie92.ps.gz},
  filesize =	 {38 kB gzipped PostScript file}
}

@inproceedings{sie:94,
  author =	 {W. Sienel and J. Ackermann},
  title =	 {Automatic steering of vehicles involving feedforward
                  of the estimated track curvature},
  booktitle =	 {Proc. American Control Conference},
  year =	 1994,
  address =	 {Baltimore, IB 515-93-37},
  pages =	 {1957-1958},
  access =	 public,
  url =
                  {http://dv.op.dlr.de/FF-DR-RR/PUBLICATIONS/docs/sie94.ps.gz},
  filesize =	 {81 kB gzipped PostScript file}
}

@inproceedings{sie:94a,
  author =	 {W. Sienel},
  title =	 {Design of robust gain scheduling controllers},
  booktitle =	 {Proc. Euraco Robust and Adaptive Control Tutorial
                  Workshop},
  year =	 1994,
  address =	 {Dublin},
  access =	 public,
}

@phdthesis{sie:94b,
  author =	 {W. Sienel},
  title =	 {Analyse und {Entwurf} von robusten
                  {Regelungssystemen} durch {Konstruktion} von
                  komplexen {Wertemengen}},
  school =	 {Technische Universit\"at M\"unchen},
  note =	 {erh\"altlich als VDI Fortschritt-Bericht, Reihe 8,
                  Nr.~476, VDI-Verlag, D\"usseldorf, 1995},
  year =	 1994,
  access =	 public,
}

@inproceedings{sie:95,
  author =	 {W. Sienel},
  title =	 {Robust decoupling for active car steering holds for
                  arbitrary dynamic tire characteristics},
  booktitle =	 {Proc. Third European Control Conference},
  year =	 1995,
  address =	 {Rome},
  pages =	 {744-748},
  access =	 public,
  url =
                  {http://dv.op.dlr.de/FF-DR-RR/PUBLICATIONS/docs/sie95.ps.gz},
  filesize =	 {40 kB gzipped PostScript file}
}

@incollection{sie:95a,
  author =	 {W. Sienel},
  editor =	 {R. Jeltsch and M. Mansour},
  title =	 {On the computation of stability profiles},
  booktitle =	 {Proc. Centennial Hurwitz on Stability Theory,
                  International Series of Numerical Mathematics},
  publisher =	 {Birkh\"auser},
  address =	 {Basel},
  volume =	 121,
  year =	 1996,
  pages =	 {151-162},
  access =	 public,
  url =
                  {http://dv.op.dlr.de/FF-DR-RR/PUBLICATIONS/docs/sie95a.ps.gz},
  filesize =	 {123 kB gzipped PostScript file}
}

@inproceedings{sie:95b,
  author =	 {W. Sienel},
  title =	 {Construction of value sets for robustness analysis},
  booktitle =	 {Proc. EURACO Workshop on Recent Results in Robust
                  and Adaptive Control},
  year =	 1995,
  address =	 {Florence, Italy},
  pages =	 {200-220},
  access =	 public,
}

@article{sie:95c,
  author =	 {W. Sienel},
  title =	 {{Analyse} robuster {Regelungssysteme} durch
                  {Konstruktion} von {Wertemengen}},
  journal =	 {Automatisierungstechnik},
  month =	 {November},
  year =	 1995,
  pages =	 {497-505},
  access =	 public,
  url =
                  {http://dv.op.dlr.de/FF-DR-RR/PUBLICATIONS/docs/sie95c.ps.gz},
  filesize =	 {145 kB gzipped PostScript file}
}

@inproceedings{sie:96,
  author =	 {W. Sienel and J. Ackermann and D. Kaesbauer and
                  T. B\"unte},
  title =	 {Robust Control Goes {P}{A}{R}{A}{D}{I}{S}{E}},
  booktitle =	 {Proc. EURACO Workshop on Control of Nonlinear
                  System: Theory and Applications},
  year =	 1996,
  keywords =     {PARADISE},
  address =	 {Algarve, Portugal},
  pages =	 {129-138},
  access =	 public,
}

@inproceedings{sie:96a,
  author =	 {W. Sienel},
  title =	 {On Stability Profiles},
  booktitle =	 {Proc. 13th IFAC World Congress},
  year =	 1996,
  volume =	 {H},
  pages =	 {13-18},
  address =	 {San Francisco},
  access =	 public,
}

@inproceedings{sie:96b,
  author =	 {W. Sienel and T. B\"unte and J. Ackermann},
  title =	 {{P}{A}{R}{A}{D}{I}{S}{E} - {A} {Matlab}-Based Robust
                  Control Toolbox},
  booktitle =	 {Proc. IEEE Symposium on Computer-Aided Control
                  System Design},
  pages =	 {380-385},
  year =	 1996,
  address =	 {Dearborn, MI},
  keywords =     {PARADISE},
  access =	 public,
  url =
                  {http://dv.op.dlr.de/FF-DR-RR/PUBLICATIONS/docs/sie96b.ps.gz},
  filesize =	 {107 kB gzipped PostScript file}
}

@article{sie:96c,
  author =	 {W. Sienel and T. B\"unte},
  title =	 {{P}{A}{R}{A}{D}{I}{S}{E} - {Eine} {Matlab}-{Toolbox}
                  f\"ur {Entwurf} und {Analyse} robuster {Regelungen}},
  journal =	 {Automatisierungstechnik},
  month =	 {November},
  year =	 1996,
  pages =	 {503-512},
  keywords =     {PARADISE},
  access =	 public,
  url =
                  {http://dv.op.dlr.de/FF-DR-RR/PUBLICATIONS/docs/sie96c.ps.gz},
  filesize =	 {420 kB gzipped PostScript file}
}

@inproceedings{sie:97,
  author =	 {W. Sienel and T. B\"unte},
  title =	 {Design of gain scheduling controllers in parameter
                  space},
  booktitle =	 {Proc. 4th European Control Conference},
  year =	 1997,
  address =	 {Brussels, Belgium},
  access =	 public,
  url =
                  {http://dv.op.dlr.de/FF-DR-RR/PUBLICATIONS/docs/sie97.ps.gz},
  filesize =	 {76 kB gzipped PostScript file}
}

% sie:97a: Sienel/Buente: Design of gain scheduling controllers in Parameter Space;
% Fuer European Journal of Control eingereicht, jedoch abgelehnt
@inproceedings{sie:97b,
  author =	 {W. Sienel and T. B\"unte},
  title =	 {{P}{A}{R}{A}{D}{I}{S}{E} -- Ein {W}erkzeug f\"ur den
                  robusten {R}eglerentwurf},
  booktitle =	 {Fachtagung ``Moderne Methoden des Regelungs- und
                  Steuerungsentwurfes''},
  address =	 {Otto-von-Guericke-Universit\"at Magdeburg},
  year =	 1997,
  keywords =     {PARADISE},
  access =	 public,
  url =
                  {http://dv.op.dlr.de/FF-DR-RR/PUBLICATIONS/docs/sie97b.ps.gz},
  filesize =	 {337 kB gzipped PostScript file}
}

@inproceedings{sie:97c,
  author =	 {W. Sienel and J. Ackermann and T. B\"unte},
  title =	 {Design and Analysis of Robust Control Systems in
                  {P}{A}{R}{A}{D}{I}{S}{E}},
  booktitle =	 {Proc. IFAC Symposium on Robust Control Design},
  address =	 {Budapest, Hungary},
  year =	 1997,
  access =	 public,
  keywords =     {PARADISE},
  url =
                  {http://dv.op.dlr.de/FF-DR-RR/PUBLICATIONS/docs/sie97c.ps.gz},
  filesize =	 {126 kB gzipped PostScript file}
}

@InProceedings{sie:97d,
  author =	 {W. Sienel},
  title =	 {Estimation of the tire cornering stiffness and its
                  application to active car steering},
  booktitle =	 {Proc. 36th IEEE Conf. Decision and Control},
  month =	 {Dec.},
  year =	 1997,
  address =	 {San Diego, USA},
  access =	 public,
  url =
                  {http://dv.op.dlr.de/FF-DR-RR/PUBLICATIONS/docs/sie97d.ps.gz},
  filesize =	 {56 kB gzipped PostScript file}
}

@InProceedings{sie:98,
  author =	 {W. Sienel},
  title =	 {Estimation of the tire cornering stiffness and its
                  application to active car steering},
  booktitle = 	 {Proc. International Conference on Advances in Vehicle
                  Control and Safety},
  OPTpages = 	 {},
  year = 	 {1998},
  address = 	 {Amiens, France},
  month = 	 {July},
}

@inproceedings{steinh:87,
  author =	 {R. Steinhauser},
  title =	 {Design of a feedback controller for a cryogenic
                  windtunnel},
  booktitle =	 {Proc. 10th IFAC World Congr. on Automatic and
                  Control},
  year =	 1987,
  address =	 {Munich},
  volume =	 {3},
  pages =	 {39-44},
  access =	 public,
}

@techreport{sur:99,
  author =	 {M. Surauer},
  title =	 {Anwendung des {Popov-Verfahrens} bei unsicheren {P}arametern in der {D}ynamik des {L}inearteils}, 
  institution =	 {DLR},
  optnote =	 {Supervisors J. Ackermann and T. B\"unte},
  address =	 {Oberpfaffenhofen, Germany},
  number =	 {Diplomarbeit},
  year =	 1999,
  access =	 nonpub,
}

@techreport{tam:94,
  author =	 {V. Tamilia and V. I. Utkin},
  title =	 {Linear and Nonlinear Controls for Distance Keeping
                  in Car Platoons},
  institution =	 {DLR},
  address =	 {Oberpfaffenhofen, Germany},
  number =	 {IB 515-94-12},
  year =	 1994,
  access =	 nonpub,
}

@article{wang:97,
  author =	 {L. Wang},
  title =	 {Robust stability of a class of polynomial families
                  under nonlinearly correlated perturbations},
  journal =	 {Systems and Control Letters},
  year =	 1997,
  volume =	 {30},
  url =
                  {http://dv.op.dlr.de/FF-DR-RR/PUBLICATIONS/docs/wang97.ps.gz},
  filesize =	 {68 kB gzipped PostScript file},
  access =	 public,
}

@article{wang:97a,
  author =	 {L. Wang},
  title =	 {A new approach to strict positive realness of
                  interval transfer functions},
  journal =	 {Control and Cybernetics},
  year =	 1997,
  volume =	 {2},
  url =
                  {http://dv.op.dlr.de/FF-DR-RR/PUBLICATIONS/docs/wang97a.ps.gz},
  filesize =	 {67 kB gzipped PostScript file},
  access =	 public,
}

@article{wang:97b,
  author =	 {L. Wang},
  title =	 {On the Popov envelope of the interval transfer
                  functions},
  journal =	 {System Analysis, Modelling, and Simulation},
  year =	 1997,
  volume =	 {2},
  url =
                  {http://dv.op.dlr.de/FF-DR-RR/PUBLICATIONS/docs/wang97b.ps.gz},
  filesize =	 {57 kB gzipped PostScript file},
  access =	 public,
}

@article{wang:97c,
  author =	 {L. Wang},
  title =	 {A unified approach to robust performance of a class
                  of transfer functions with multilinearly correlated
                  perturbations},
  journal =	 {Journal of Optimization Theory and Applications},
  year =	 1998,
  volume =	 {98},
  url =
                  {http://dv.op.dlr.de/FF-DR-RR/PUBLICATIONS/docs/wang97c.ps.gz},
  filesize =	 {71 kB gzipped PostScript file},
  access =	 public,
}

%Institutsbericht  DLR IB 515-97-23}
@TechReport{wang:97d,
  author =	 {L. Wang and J. Ackermann},
  title =	 {Robustly stabilizing {P}{I}{D} controllers for car
                  steering systems},
  institution =	 {DLR},
  year =	 {1997},
  access =	 nonpub,
  number =	 {515-97-20},
  month =	 {November},
}

@TechReport{wang:97e,
  author =	 {L. Wang and J. Ackermann},
  title =	 {Robust stability criterion for control systems with
                  mixed uncertainties},
  institution =	 {DLR},
  year =	 {1997},
  access =	 nonpub,
  number =	 {515-97-22},
  month =	 {April},
}


@techreport{wohlf:94,
  author =	 {J. Wohlfarth},
  title =	 {{Aufbau} eines {Simulationsmodells} eines
                  allradgelenkten {Fahrzeugs} und {Einsatz} zur
                  {Analyse} sicherheitskritischer {Fahrman\"over}},
  institution =	 {DLR},
  note =	 {Betreuer J. Ackermann und W. Sienel},
  address =	 {Oberpfaffenhofen, Germany},
  number =	 {IB 515-94-2 (Diplomarbeit)},
  year =	 1993,
  access =	 nonpub,
}

