 %=================================================================================
%        L I T E R A T U R D A T E N B A N K 2   D E R   A B T E I L U N G
%                          R O B U S T E  R E G E L U N G
%
%E I N T R A E G E   A L L G E M E I N E R   V E R O E F F E N T L I C H U N G E N
%=================================================================================
%=================================================================================
@string{IAC   = {IEEE Trans. on Automatic Control}}
@string{TAC   = {IEEE Trans. on Automatic Control}}
@string{AVEC  = {Proc. Int. Symposium on Advanced Vehicle Control}}
@string{IST   = {IEEE Trans. on  Control Systems Technology}}
@string{CDC   = {Proc. IEEE Conf. Decision and Control}}
@string{ECC   = {Proc. European Control Conference}}
@string{ACC   = {Proc. American Control Conference}}
@string{IJC   = {Int. Journal of Control}}
@string{IFAC  = {Proc. IFAC Congress}}
@string{CAS   = {IEEE Trans. on Circuits and Systems}}
@string{SCL   = {Systems and Control Letters}}
@string{MCSS  = {Mathematics of Control, Signals and Systems}}
@string{AUTO  = {Automatica}}
@string{JGCD  = {AIAA Journal of Guidance, Control, and Dynamics}}
@string{ICE   = {Int. Congress and Exposition}}
@string{DLR   = {DLR}}
@string{INRC  = {Int. Journal of Nonlinear and Robust Control}}
@string{SIAM  = {SIAM Journal of Control and Optimization}}
@string{ARC   = {Automation and Remote Control}}
@string{DSMC  = {ASME Journal of Dynamic Systems, Measurement and Control}}
@string{TVT   = {IEEE Trans. on Vehicular Technology}}
%=================================================================================
% ACHTUNG: Wenn Sie Eintragungen machen, beachten Sie bitte folgendes:
%
% 1. Vergewissern Sie sich, dass die Eintragung noch nicht existiert.
% 2. Die Eintragungen sind alphabetisch geordnet.
%    Das Alphabet geht so: ABCDEFGHIJKLMNOPQRSTUVWXYZ!!!!
% 3. Existieren bereits mehrere Eintragung eines Autors, so
%    werden die Eintragungen zeitlich geordnet. Dabei ist das
%    Dezimalsystem zu verwenden. Dort kommt bekanntlich 89 nach 86!!!
% 4. Fuer den Labelnamen wird nur der Name des zuerst genannten
%    Autors  verwendet. Bei gleichen Autoren gleiche Labelnamen verwenden!
% 5. Nachdem Sie eine Eintragung gemacht haben, vergewissern Sie sich
%    im nachfolgendem BibTeX-Durchlauf, dass keine Fehlermeldung auftritt.
%    Sollte dies der Fall sein, so korrigieren Sie den Fehler, oder wenden
%    sich an jemanden, von dem Sie vermuten, dass er den Fehler beheben kann.
%    In Zukunft werden fehlerhafte Eintragungen ohne Ruecksicht auf
%    Verluste geloescht!
%=================================================================================
%=================================================================================

@Article{alber:96,
  author =	 {V. Alberti and E. Babbel and S. Drumm},
  title =	 {Fahrstabilit\"atsregelung durch {Aktivbremsung}
                  einzelner {R\"ader}},
  journal =	 {Automatisierungstechnik},
  note =	 {Sonderheft ``Regelungstechnik im Auto''},
  year =	 {Mai 1996}
}

@TechReport{allen:92,
  author =       {R. W. Allen and H. T. Szostak and  D. H. Klyde and
                  T. J. Rosenthal and K. J. Owens},
  title =        {Vehicle dynamic stability and rollover},
  institution =  {Systems Technology, Inc.},
  year =         {1992},
  address =      {Hawthorne, CA},
  note =         {U.S.-D.O.T., NHTSA}
}

@Book{alt:85,
  author =	 {H. W. Alt},
  title =	 {Lineare {Funktionalanalysis}},
  publisher =	 {Springer},
  address =	 {Berlin},
  year =	 1985
}

@Inproceedings{anag:88,
  author =	 {J.J. Anagnost and C.A. Desoer and R.J. Minichelli},
  title =	 {Graphical Stability Robustness Tests For Linear
                  Time-Invariant Systems: Generalizations of
                  {Kharitonov's} Stability Theorem},
  booktitle =	 CDC,
  address =	 {Austin},
  year =	 1988,
  pages =	 {509-514}
}

@Incollection{anag:89,
  editor =	 {M. Milanese and R. Tempo and A. Vicino},
  author =	 {J.J. Anagnost and C.A. Desoer and R.J. Minichelli},
  title =	 {Generalized {Nyquist} test for robust stability:
                  {Frequency} domain generalizations of {Kharitonov's}
                  theorem},
  booktitle =	 {Robustness in Identification and Control},
  pages =	 {79-96},
  publisher =	 {Plenum Press},
  address =	 {New York},
  year =	 {1989}
}

@Article{ander:87,
  author =	 {B.D.O. Anderson and E.I. Jury and M. Mansour},
  title =	 {On robust {Hurwitz} polynomials},
  journal =	 IAC,
  year =	 1987,
  volume =	 32,
  pages =	 {909-912}
}

@Incollection{ander:92,
  author =	 {B.D.O Anderson and F.J. Kraus and M. Masour and
                  S. Dasgupta},
  title =	 {Easily testable sufficient conditions for the robust
                  stability of systems with multiaffine parameter
                  dependency},
  booktitle =	 {Robustness of dynamic systems with parameter
                  uncertainties},
  publisher =	 {Birkh\"auser},
  editor =	 {{M. Mansour}{\it~et al.}},
  address =	 {Basel},
  pages =	 {81-92},
  year =	 1992
}

@Book{apos:57,
  author =	 {Tom M. Apostol},
  title =	 {Mathematical Analysis A Modern Approach to Advanced
                  Calculus},
  publisher =	 {Addison-Wesley},
  address =	 {Reading, Massachusetts},
  year =	 1957
}



@Book{astro:84,
  author =	 {K.J. {\AA}str\"om and B. Wittenmark},
  title =	 {Computer controlled systems},
  publisher =	 {Prentice-Hall},
  address =	 {Englewood Cliffs, N.J.},
  year =	 1984
}

@Inproceedings{bailey:88,
  author =	 {F.N. Bailey and D. Panzer},
  title =	 {A fast algorithm for computing interval rational
                  functions},
  booktitle =	 ACC,
  year =	 1988,
}

@Article{bailey:88b,
  author =	 {F.N. Bailey and D. Panzer and G. Gu},
  title =	 {Two Algorithms for Frequency Domain Design of Robust
                  Control Systems},
  journal =	 IJC,
  year =	 1988,
  volume =	 48,
  pages =	 {1787-1806}
}

@Article{bailey:89,
  author =	 {F.N. Bailey and C.H. Hui},
  title =	 {A fast algorithm for computing parametric rational
                  functions},
  journal =	 IAC,
  year =	 1989,
  volume =	 34,
  pages =	 {1209-1212}
}

@Article{bakk:87,
  author =	 {E. Bakker and L. Nyborg and H.B. Pacejka},
  title =	 {Tyre {Modelling} for {Use} in {Vehicle} {Dynamics}
                  {Studies}},
  journal =	 {SAE Paper No. 870421},
  year =	 {1987},
  month =	 {Feb.},
}

@manual{balas:91,
  author =	 {G. Balas and J. C. Doyle and K. Glover and A. Packard
                  and R. Smith},
  title =	 {The $\mu$ analysis and synthesis toolbox},
  organization = {The MathWorks, Inc.},
  year =	 1991
}

@manual{balas:95,
  author =	 {G. Balas and J. Doyle and K. Glover and A. Packard
                  and R. Smith},
  title =	 {The $\mu$ analysis and synthesis toolbox},
  organization = {The MathWorks, Inc.},
  year =	 1995
}

@Article{balaz:95b,
  author = 	 {M. Bal\'azs and B. Gombert and G. Hirzinger and B. Willberg},
  title = 	 {Planeten-{W\"alz}-{Gewindespindel}},
  journal = 	 {F\&M (Feinwerktechnik, Mikrotechnik, Messtechnik)},
  year = 	 {1995},
  note =         {Carl-Hanser-Verlag, M\"unchen},
  volume = 	 {103},
  number = 	 {5},
  pages = 	 {253-255},
}

@Article{balaz:95a,
  author = 	 {M. Bal\'azs and B. Gombert and G. Hirzinger and B. Willberg},
  title = 	 {Planetary Roller Screw Drive},
  journal = 	 {EPE (European Production Engineering)},
  year = 	 {1995},
  volume = 	 {19},
  number = 	 {3},
  pages = 	 {28-29},
  note = 	 {Carl-Hanser-Verlag, Munich},
}

@Phdthesis{bals:89,
  author =	 {J. Bals},
  title =	 {Aktive Schwingungsd\"ampfung flexibler Strukturen},
  school =	 {Universit\"at Karlsruhe (TH)},
  year =	 1989
}

@Inproceedings{bals:91,
  author =	 {J. Bals},
  title =	 {A hyperstability/multiobjective optimization
                  approach for active flexible structures},
  booktitle =	 {IFAC Symposium on Design Methods for Control
                  Systems},
  address =	 {Z\"urich},
  year =	 1991,
  volume =	 2,
  pages =	 {621-626}
}

@Inproceedings{barm:85,
  author =	 {B.R. Barmish and K.H. Wei},
  title =	 {Simultaneous stabilizability of single input--single
                  output systems},
  booktitle =	 {Proc. Int. Symposium on Mathematical Theory of
                  Networks and Systems},
  address =	 {Stockholm},
  year =	 1985
}

@Inproceedings{barm:88,
  author =	 {B.R. Barmish},
  title =	 {New tools for robustness analysis},
  booktitle =	 CDC,
  address =	 {Austin},
  year =	 1988,
  pages =	 {1-6}
}

@Article{barm:88b,
  author =	 {B.R. Barmish and M. Fu and S. Saleh},
  title =	 {Stability of a Polytope of Matrices:
                  Counterexamples},
  journal =	 IAC,
  year =	 1988,
  volume =	 33,
  number =	 6,
  pages =	 {569-572}
}

@Inproceedings{barm:89,
  author =	 {B.R. Barmish and P.P. Khargonekar and Z.C. Shi and
                  R. Tempo},
  title =	 {A pitfall in some of the robust stability
                  literature},
  booktitle =	 CDC,
  address =	 {Tampa},
  year =	 1989,
}

@Article{barm:89b,
  author =	 {B.R. Barmish},
  title =	 {A Generalization of {Kharitonov's} Four-Polynomial
                  Concept for robust stability problems with linearly
                  dependent coefficient perturbations},
  journal =	 IAC,
  year =	 1989,
  volume =	 34,
  number =	 2,
  pages =	 {157-165}
}

@Inproceedings{barm:90b,
  author =	 {B.R. Barmish and C.V. Hollot and F.J. Kraus and
                  R. Tempo},
  title =	 {Extreme Point Results for Robust Stabilization of
                  Interval Plants with First Order Compensators},
  booktitle =	 ACC,
  address =	 {San Diego},
  year =	 1990,
}

@Article{barm:90c,
  author =	 {B.R. Barmish and Z. Shi},
  title =	 {Robust stability of a class of polynomials with
                  coefficients depending multilinearly on
                  perturbations},
  journal =	 IAC,
  year =	 1990,
  volume =	 35,
  pages =	 {1040-1043}
}

@Article{barm:93,
  author =	 {B.R. Barmish and H.I. Kang},
  title =	 {A Survey of extreme point results of robust control
                  systems},
  journal =	 {Automatica},
  year =	 1993,
  volume =	 29,
  pages =	 {13-35}
}

@Book{barm:93a,
  author =	 {B.R. Barmish},
  title =	 {New tools for robustness of linear systems},
  publisher =	 {Macmillan},
  address =	 {New York},
  year =	 {1994}
}

@Article{bart:88,
  author =	 {A.C. Bartlett and C.V. Hollot and Huang-Lin},
  title =	 {Root locations of an entire polytope of polynomials:
                  it suffices to check the edges},
  journal =	 {Mathematics of Control, Signals and Systems},
  year =	 1988,
  volume =	 1,
  pages =	 {61-71}
}

@Article{bart:88a,
  author =	 {A.C. Bartlett and C.V. Hollot},
  title =	 {A Necessary and Sufficient Condition for {Schur}
                  Invariance and Generalized Stability of a Polytope
                  of Polynomials},
  journal =	 IAC,
  year =	 1988,
  volume =	 33,
  number =	 6,
  pages =	 {575-578}
}

@Phdthesis{bart:90,
  author =	 {A.C. Bartlett},
  title =	 {Vertex and Edge Theorems which Simplify Classical
                  Analyses of Linear Systems with Uncertain
                  Parameters},
  school =	 {University of Massachusetts},
  year =	 1990,
  month =	 {September}
}

@Inproceedings{bart:90a,
  author =	 {A.C. Bartlett},
  title =	 {{Nyquist}, {Bode}, and {Nichols} Plots of Uncertain
                  Systems},
  booktitle =	 ACC,
  address =	 {San Diego},
  year =	 1990
}

@Article{bart:90b,
  author =	 {A.C. Bartlett},
  title =	 {A Counter Example to `Clockwise Nature of {Nyquist}
                  Locus of Stable Transfer Functions'},
  journal =	 IJC,
  year =	 1990,
  volume =	 51,
  number =	 6,
  pages =	 {1479-1483}
}

@Inproceedings{bart:90c,
  author =	 {A.C. Bartlett},
  title =	 {A Precondition for the {Edge} {Theorem}},
  booktitle =	 ACC,
  address =	 {San Diego},
  year =	 1990
}

@Inproceedings{bart:90d,
  author =	 {A.C. Bartlett},
  title =	 {Vertex Results for the Steady State Analysis of
                  Uncertain Systems},
  booktitle =	 CDC,
  address =	 {Honolulu},
  year =	 1990
}

@Misc{bart:91,
  author =	 {A.C. Bartlett},
  title =	 {Computation of the Frequency Response of Systems
                  with Uncertain Parameters: A Simplification},
  howpublished = {presented at the International Workshop on
                  Robustness of Control Systems},
  address =	 {Kappel, Switzerland},
  month =	 {Sept.},
  year =	 1991,
  note =	 {also submitted to the International Journal of
                  Control},
}

@Article{bart:92,
  author =	 {A.C. Bartlett},
  title =	 {Vertex Results for the Steady State Analysis of
                  Uncertain Systems},
  journal =	 IAC,
  year =	 1992,
  volume =	 37,
  number =	 8
}

@Article{bender:91,
  author =	 {J. G. Bender},
  title =	 {An overview of systems studies of automated highway
                  systems},
  journal =	 TVT,
  year =	 1991,
  volume =	 {40, no.~1},
  pages =	 {82-99},
}

@Techreport{berger:73,
  author =	 {R.L. Berger and J.R. Hess and D.C. Anderson},
  title =	 {Compatibility of maneuver load control and relaxed
                  static stability applied to military aircraft},
  institution =	 {Air Force Flight Dynamics Laboratory},
  type =	 {{AFFDL-TR-73-33}},
  year =	 1973
}

@Article{bess:97,
  author =	 {V. Besson and A. T. Shenton},
  title =	 {Interactive control system design by a mixed
                  {$H_\infty$}-parameter space method},
  journal =	 IAC,
  year =	 {1997},
  volume =	 {42},
  pages =	 {946-955},
  month =	 {July},
}

@Article{bess:99,
  author =	 {V. Besson and A. T. Shenton},
  title =	 {An Interactive Parameter Space Method For Robust
                  Performance in Mixed Sensitivity Problems},
  journal =	 IAC,
  year =	 {1999},
  volume =	 {44},
  pages =	 {1272-1276},
  month =	 {June},
}

@Article{bhat:88,
  author =	 {S. P. Bhattacharyya and L. H. Keel and J. W. Howze},
  title =	 {Stabilizability conditions using linear programming},
  journal =	 IAC,
  year =	 1988,
  volume =	 33,
  pages =	 {460-463}
}

@Incollection{bhat:91,
  author =	 {S. P. Bhattacharyya},
  editor =	 {S. P. Bhattacharyya and L.H. Keel},
  title =	 {Robust Parametric Stability: The Role of the {CB}
                  Segments},
  booktitle =	 {Control of Uncertain Dynamic Systems},
  publisher =	 {{CRC} Press},
  year =	 1991,
  pages =	 {381-402}
}

@Article{bialas:85,
  author =	 {S. Bialas},
  title =	 {A necessary and sufficient condition for the
                  stability of convex combinations of stable
                  polynomials or matrices},
  journal =	 {Bulletin of the Polish Academy of Sciences},
  year =	 1985,
  volume =	 33,
  pages =	 {473-480}
}

@Article{biehler:1879,
  author =	 {M. Biehler},
  title =	 {Sur une Classe d'\'Equations Alg\'ebriques dont
                  toutes les Racines sont R\'eelles},
  journal =	 {J. Reine Angewandte Mathematik},
  year =	 1879,
  volume =	 87,
  pages =	 {350-352}
}

@InProceedings{blue:97,
  author = 	 {P. Blue and G. Balas},
  title = 	 {Linear parameter-varying control for active flutter suppression},
  booktitle = 	 {Proc. AIAA, Guidance, Navigation, and Control Conference},
  year = 	 {1997},
  address = 	 {New Orleans, LA},
  note = 	 {AIAA Paper 97-3640 (A97-37111)},
}

@Book{birk:68,
  author =	 {G. Birkhoff and S. Mac Lane},
  title =	 {A survey of modern algebra},
  publisher =	 {The Macmillan Company},
  address =	 {New York},
  year =	 1965
}

@Book{bode:45,
  author =	 {H. Bode},
  title =	 {Network analysis and feedback amplifier design},
  publisher =	 {D. van Nostrand Company, Inc.},
  address =	 {New York},
  year =	 1945
}

@Article{boese:93,
  author =	 {F. G. Boese},
  title =	 {On the stability of interval families of
                  characteristic functions depending linearly on
                  parameters},
  journal =	 TAC,
  year =	 1993,
  volume =	 {??},
  pages =	 {??}
}

@Article{bond:85,
  author =	 {A. G. Bonadrev and S. A. Bondarev and
                  N. E. Kostyleva and V. I. Utkin},
  title =	 {Sliding modes in systems with asymptotic state
                  observers},
  journal =	 ARC,
  year =	 1985,
  volume =	 {46, no. 6 (P.1)},
  pages =	 {679-684},
}

@Booklet{bosch:98,
  title = 	 {Fahrsicherheitssysteme},
  key = 	 {Bosch},
  OPTauthor = 	 {},
  howpublished = {{Robert} {Bosch} GmbH (Hrsg.), Vieweg Verlag},
  address = 	 {Wiesbaden},
  OPTmonth = 	 {},
  year = 	 {1998},
  note = 	 {2. Auflage},
}

@Inproceedings{bose:86,
  author =	 {N. K. Bose and E. Zeheb},
  title =	 {Kharitonov's theorem and stability test of
                  multi--dimensional digital filters},
  booktitle =	 {IEE Proceedings},
  year =	 1986,
  volume =	 {G--133},
  pages =	 {187-190}
}

@Article{bose:87,
  author =	 {N. K. Bose and Y. Q. Shi},
  title =	 {A Simple General Proof of {Kharitonov's} Generalized
                  Stability Criterion},
  journal =	 CAS,
  year =	 1987,
  volume =	 34,
  number =	 8,
  pages =	 {1233-1237}
}

@Article{brasch:70,
  author =	 {F. M. Brasch and J. B. Pearson},
  title =	 {Pole placement using dynamic compensators},
  journal =	 IAC,
  year =	 1970,
  volume =	 15,
  pages =	 {34-43}
}

@Book{brill:25,
  author =	 {A. Brill},
  title =	 {Vorlesungen \"uber ebene algebraische {Kurven} und
                  algebraische {Funktionen}},
  publisher =	 {Vieweg},
  address =	 {Braunschweig},
  year =	 1925
}

@Book{brock:94,
  author =	 {R. Brockhaus},
  title =	 {Flugregelung},
  publisher =	 {Springer},
  address =	 {Berlin},
  year =	 1994
}

@Incollection{buch:85,
  author =	 {B. Buchberger},
  title =	 {Gr\"obner bases: an algorithmic method in polynomial
                  ideal theory},
  booktitle =	 {Recent trends in multidimensional system theory},
  publisher =	 {Reidel},
  editor =	 {N.K. Bose},
  year =	 1985
}

@Book{cel:91,
  author =	 {F. Cellier},
  title =	 {Continuous system modelling},
  publisher =	 {Springer},
  address =	 {New York},
  year =	 1991
}

@Article{chap:89,
  author =	 {H. Chapellat and S. P. Bhattacharyya},
  title =	 {A generalization of {Kharitonov's} theorem: {Robust}
                  stability of interval plants},
  journal =	 IAC,
  year =	 1989,
  volume =	 34,
  pages =	 {306-311}
}

@Article{chap:90,
  author =	 {H. Chapellat and M. Dahleh and S. P. Bhattacharyya},
  title =	 {Robust stability under structured and unstructured
                  perturbations},
  journal =	 IAC,
  year =	 1990,
  volume =	 35,
  pages =	 {1100-1107}
}

@Article{chap:91,
  author =	 {H. Chapellat and M. Dahleh and S. P. Bhattacharyya},
  title =	 {On Robust Nonlinear Stability of Interval Control
                  Systems},
  journal =	 {IEEE Transaction on Automatic Control},
  volume =	 {36},
  number =	 {1},
  pages =	 {59-67},
  year =	 {1991}
}

@Article{chebo:49,
  author =	 {N. G. Chebotar\"ev and N. N. Me\v{\i}man},
  title =	 {The problem of {Routh}-{Hurwitz} for polynomials and
                  integral functions},
  journal =	 {Trudy Mat. Inst. Steklov.},
  volume =	 26,
  year =	 1949
}

@Article{chen:88b,
  author =	 {Y. H. Chen},
  title =	 {Design of roboust controllers for uncertain systems},
  journal =	 TAC,
  year =	 1988,
  volume =	 {33, no.~5},
  pages =	 {487-491},
}

@MastersThesis{chenz:87,
  author =	 {Z. Chen},
  title =	 {Regelkreis {Fahrer}-{Fahrzeug} f\"ur {L\"angs}- und
                  {Querdynamik}},
  school =	 {Institut f\"ur Fahrzeugtechnik, TU Braunschweig},
  year =	 {1987},
}

@Manual{chiang:92,
  author =	 {Richard Y. Chiang and Michael G. Safonov},
  title =	 {Robust control toolbox},
  organization = {The MathWorks, Inc.},
  year =	 1992
}

@Inproceedings{christ:77,
  author =	 {H. Christ and W. Darenberg and F. Panik and
                  W. Weidemann},
  title =	 {Automatic Track Control of Vehicles, Theory and
                  Experiment},
  booktitle =	 {Proc. 5th VSD and 2nd IUTAM Symposium},
  year =	 {1977},
  address =	 {Vienna},
}

@Article{cieslik:87,
  author =	 {J. Cieslik},
  title =	 {On possibilities of the extension of {Khartitonov's}
                  stability test for interval polynomials to the
                  discrete-time case},
  journal =	 IAC,
  year =	 1987,
  volume =	 32,
  pages =	 {237-238}
}

@Article{cobb:89,
  author =	 {J. D. Cobb and C. L. Demarco},
  title =	 {The Minimal Dimension of Stable Faces Required to
                  Guarantee Stability of a Matrix Polytope},
  journal =	 IAC,
  year =	 1989,
  volume =	 34,
  pages =	 {990-992}
}

@Article{cohn:22,
  author =	 {A. Cohn},
  title =	 {{\"Uber} die {Anzahl} der {Wurzeln} einer
                  algebraischen {Gleichung} in einem {Kreise}},
  journal =	 {Mathematische Zeitschrift},
  year =	 1922,
  volume =	 14,
  pages =	 {110-148}
}

@Article{crem:47,
  author =	 {L. Cremer},
  title =	 {Ein neues {Verfahren} zur {Beurteilung} der
                  {Stabilit\"at} linearer {Regelungssysteme}},
  journal =	 {ZAMM},
  year =	 1947,
  pages =	 161
}

@InProceedings{daiss:96,
  author = 	 {A. Dai{\ss} and U. Kiencke},
  title = 	 {Estimation of Tyre Slip during combined Cornering
                  and Braking Observer Supproted Fuzzy Estimation},
  booktitle =	 {Proc. 13th IFAC World Congress},
  year =	 1996,
  pages =	 {41-46},
  address =	 {San Francisco},
}

@Article{dar:80,
  author =	 {W. Darenberg},
  title =	 {Implementation of a steering-angle observer for
                  track-control of motor vehicles},
  journal =	 {Regelungstechnik},
  volume =	 {10},
  year =	 1980,
  pages =	 {312-356}
}

@Article{dar:87,
  author =	 {W. Darenberg},
  title =	 {Auto\-ma\-ti\-sche {Spur\-f\"uh\-rung} von
                  {Kraft\-fahr\-zeu\-gen}},
  journal =	 {Automobil-Industrie},
  year =	 1987,
  pages =	 {155-159}
}

@Unpublished{dar:87a,
  author =       {W. Darenberg},
  title =        {Simulation studies comparing three robust controllers},
  note =         {Unpublished notes},
  year =         {1987},
  OPTkey =       {},
  OPTmonth =     {},
  OPTannote =    {}
}

@Techreport{dasg:87,
  author =	 {S. Dasgupta},
  title =	 {Perspectives on {Kharitonov's} theorem: a view from
                  the imaginary axis},
  institution =	 {Dept. Elect. Comp. Eng., University of Iowa},
  address =	 {Iowa City},
  year =	 1987,
}

@Article{dasg:87a,
  author =	 {S. Dasgupta and B. D. O. Anderson},
  title =	 {Physically Based Parameterizations of Designing
                  Adaptive Algorithms},
  journal =	 AUTO,
  year =	 1987,
  volume =	 23,
  number =	 4,
  pages =	 {381-384}
}

@Inproceedings{dasg:87b,
  author =	 {S. Dasgupta},
  title =	 {A {Kharitonov} like Theorem for Systems under
                  nonlinear passive feedback},
  booktitle =	 CDC,
  address =	 {Los Angeles},
  year =	 1987,
  pages =	 {2062-2063}
}

@Article{dasg:87c,
  author =	 {S. Dasgupta and A. Bhagwat},
  title =	 {Conditions for designing SPR Transfer Functions for
                  adaptive output error identification},
  journal =	 {IEEE T-CAS},
  year =	 1987,
  volume =	 34
}

@Article{dasg:88,
  author =	 {S. Dasgupta},
  title =	 {{Kharitonov's} theorem, revisited},
  journal =	 {Systems and Control Letters},
  year =	 1988,
  volume =	 11,
  pages =	 {381-384}
}

@Article{debe:97,
  author =	 {M. Debes and E. Herb and R. M\"uller and G. Sokoll
                  and A. Straub},
  title =	 {Dynamische {Stabilit\"ats} {Control} {D}{S}{C} der
                  {Baureihe} 7 von {B}{M}{W} - {Teil} 1/2},
  journal =	 {Automobiltechnische Zeitschrift},
  year =	 {1997},
  volume =	 {99},
  number =	 {3/4},
  pages =	 {134-140, 208-213},
}

@Article{debo:86,
  author =	 {A. Debowski and A. Kurylowicz},
  title =	 {Simultaneous stabilization of linear
                  single--input/single--output plants},
  journal =	 IJC,
  year =	 1986,
  volume =	 44,
  number =	 5,
  pages =	 {1257-1264}
}

@Article{decarlo:88,
  author =	 {R. A. DeCarlo and S. H. $\dot{Z}$ak and
                  G. P. Matthews},
  title =	 {Variable Structure Control of Nonlinear
                  Multivariable Systems: {A} Tutorial},
  journal =	 {Proceedings of the IEEE},
  year =	 1988,
  volume =	 {76, no. 3},
  pages =	 {212-232},
}

@Article{degast:88,
  author =	 {R. R. E. deGaston and M. G. Safonov},
  title =	 {Exact calculation of the multiloop stability margin},
  journal =	 IAC,
  year =	 1988,
  volume =	 33,
  pages =	 {156-171}
}

@Article{desoer:80,
  author =	 {C. A. Desoer and R.-W. Liu and J. Murray and
                  R. Saeks},
  title =	 {Feedback system design: {the} fractional
                  representation approach to analysis and synthesis},
  journal =	 IAC,
  year =	 1980,
  volume =	 25,
  pages =	 {399-412}
}

@Article{dick:89,
  author =	 {E. D. Dickmanns and T. Christians},
  title =	 {Relative 3{D} state estimation for autonomous visual
                  guidance of road vehicles},
  journal =	 {Intelligent Autonomous Systems},
  year =	 1989,
  volume =	 {IAS-2},
}

@Misc{diet:88,
  author =	 {J. Dietrich and J. Schott},
  title =	 {Force-Torque-Sensor /
                  {Kraft}-{Drehmoment}-{F\"uhler}},
  howpublished = {US Patent No. 4763531 / P 3611336.0-52},
  date =	 1988
}

@Book{ditsch:94,
  author =	 {K.-F. Ditsch and H. Konitzer and J. Wehrmeister},
  title =	 {St{V}{Z}{O}
                  {Stra\3enverkehrs}-{Zulassungs}-{Ordnung},
                  {Loseblatt}-{Ausgabe} in zwei {Ordnern}},
  publisher =	 {Kirschbaum Verlag, Bonn},
  year =	 {Stand 1.9.1994},
}

@Book{dixon:91,
  author =	 {J. C. Dixon},
  title =	 {Tyres, suspension and handling},
  publisher =	 {Cambridge University Press},
  address =	 {Cambridge},
  year =	 1991
}

@Inproceedings{djaf:89,
  author =	 {T. E. Djaferis},
  title =	 {Stabilization of systems with real parameter
                  variations},
  booktitle =	 CDC,
  address =	 {Tampa},
  year =	 1989,
  pages =	 {1870-1871}
}

@Article{djaf:89a,
  author =	 {T. E. Djaferis and C. V. Hollot},
  title =	 {The Stability of a Family of Polynomials Can Be
                  Deduced from a Finite Number $O(k^3)$ of Frequency
                  Checks},
  journal =	 IAC,
  year =	 1989,
  volume =	 34,
  number =	 9,
  pages =	 {982-985}
}

@Article{dong:90,
  author =	 {E. Donges and R. Aufhammer and P. Fehrer and
                  T. Seidenfu\ss},
  title =	 {Funktion und {Sicherheitskonzept} der {Aktiven}
                  {Hinterachskinematik} von {BMW}},
  journal =	 {Automobiltechni\-sche Zeitschrift},
  volume =	 10,
  pages =	 {580-587},
  year =	 1990
}

@Article{dong:96,
  author =	 {E. Donges and K. Naab},
  title =	 {Regelsysteme zur {Fahrzeugf\"uhrung} und
                  -stabilisierung in der {Automobiltechnik}},
  journal =	 {Automatisierungstechnik},
  note =	 {Sonderheft ``Regelungstechnik im Auto''},
  year =	 {Mai 1996}
}

@Article{dong:96engl,
  author =	 {E. Donges and K. Naab},
  title =	 {Regelsysteme zur {Fahrzeugf\"uhrung} und
                  -stabilisierung in der {Automobiltechnik}},
  journal =	 {Automatisierungstechnik},
  note =	 {Special issue ``Regelungstechnik im Auto''},
  year =	 {May 1996}
}

@Article{doyle:89,
  author =	 {J. C. Doyle and K. Glover and P. Khargonekar and
                  B. A. Francis},
  title =	 {State--space solution to standard {$H_2$} and
                  {$H_\infty$} control problems},
  journal =	 IAC,
  volume =	 34,
  pages =	 {831-847},
  year =	 1989
}

@Book{doyle:92,
  author = 	 {J. C. Doyle and B. A. Francis and A. R. Tannenbaum},
  title = 	 {Feedback control theory},
  publisher = 	 {Macmillan Publishing Company},
  year = 	 {1992},
  address = 	 {Englewood Cliffs, NJ}
}

@incollection{dubb:86,
  editor =       {W. Beitz and K.-H. K\"uttner},
  author =       {G. Rumpel and H. D. Sondershausen},
  title =        {\"{Ahnlichkeitsmechanik}},
  booktitle =    {Dubbel, {Taschenbuch} f\"ur den {Maschinenbau},
                  15. {Auflage}},
  pages =        {175-178},
  publisher =    {Springer Verlag},
  address =      {Berlin},
  year =         {1986}
}

@incollection{dubb:86a,
  editor =       {W. Beitz and K.-H. K\"uttner},
  author =       {G. Rumpel and H. D. Sondershausen},
  title =        {{Mechanik} - {Schwingungslehre} - {Nichtlineare
                  Schwingungen}},
  booktitle =    {Dubbel, {Taschenbuch} f\"ur den {Maschinenbau},
                  15. {Auflage}},
  pages =        {156-157},
  publisher =    {Springer Verlag},
  address =      {Berlin},
  year =         {1986}
}

@Inproceedings{duda:95,
  author =	 {H. Duda},
  title =	 {Effects of rate limiting elements in flight control
                  systems - a new {P}{I}{O} criterion},
  booktitle =	 {Proc. AIAA {Guidance}, {Navigation}, and {Control}
                  {Conference}},
  address =	 {Baltimore},
  year =	 1995,
}

@Phdthesis{duda:97,
  author =	 {H. Duda},
  title =	 {Fliegbarkeitskriterien bei begrenzter
                  {Stellgeschwindigkeit}},
  school =	 {Technische Universit\"at Braunschweig},
  year =	 {1997},
  month =	 {April},
  note =	 {erh\"altlich als Forschungsbericht 97-15, Deutsche
                  Forschungsanstalt f\"ur Luft- und Raumfahrt e.V.,
                  K\"oln}
}

@Techreport{dugoff:69,
  author =	 {H. Dugoff and P. S. Fancher and L. Segel},
  title =	 {Tire performance characteristics affecting vehicle
                  response to steering and braking control inputs},
  institution =	 {Highway Safety Research Institute (HSRI), University
                  of Michigan, Ann Arbor},
  note =	 {Final Report National Bureau of Standards Contract
                  CST-460},
  year =	 1969
}

@Inproceedings{ekdal:90,
  author =	 {O. Ekdal and B.C. Chang},
  title =	 {Robust stability analysis of real structured
                  uncertain systems},
  booktitle =	 IFAC,
  address =	 {Tallinn},
  year =	 1990,
  volume =	 5,
  pages =	 {266-269}
}

@Article{eldeen:87,
  author =	 {Y. H. El-Deen and A. Seireg},
  title =	 {Mechatronics for cars: integrating machines and
                  electronics to prevent skidding on icy roads},
  journal =	 {Computers in Mechanical Engineering},
  year =	 1987,
  pages =	 {10-22}
}

@Inproceedings{elm:93,
  author =	 {H. Elmquist},
  title =	 {Object-oriented modeling and automatic formula
                  manipulation with {Dymola}},
  booktitle =	 {Proc. SIMS},
  organization = {Scandinavian Simulation Society},
  address =	 {Kongsberg, Norway},
  year =	 1993
}

@Article{emre:83,
  author =	 {E. Emre},
  title =	 {Simultaneous stabilization with fixed closed--loop
                  characteristic polynomial},
  journal =	 IAC,
  year =	 1983,
  volume =	 28,
  pages =	 {103-104}
}

@Inproceedings{eszt:92,
  author =	 {A. G. Eszter and R. S. {S\'anchez} {Pe\~na}},
  title =	 {Value set boundary computation of uncertainty
                  structures},
  booktitle =	 ACC,
  address =	 {Chicago},
  year =	 1992,
  pages =	 {2210-2214}
}

@Book{etkin:72,
  author =	 {B. Etkin},
  title =	 {Dynamics of atmospheric flight},
  publisher =	 {Wiley},
  address =	 {New York},
  year =	 1972
}

@Article{evans:48,
  author =	 {W. R. Evans},
  title =	 {Graphical analysis of control systems},
  journal =	 {Trans. AIEE},
  number =	 2,
  year =	 1948,
  volume =	 67,
  pages =	 {547-551}
}

@Article{faedo:53,
  author =	 {S. Faedo},
  title =	 {Un nuovo problema di stabilita per le equazioni
                  algebriche a coefficienti reali},
  journal =	 {Ann. Scuola Norm. Super Pisa, Sci. Fis. Mat.},
  volume =	 7,
  year =	 1953,
  pages =	 {53-63}
}

@Article{fam:78,
  author =	 {A. T. Fam and J. S. Meditch},
  title =	 {A canonical parameter space for linear system
                  design},
  journal =	 IAC,
  volume =	 23,
  year =	 1978,
  pages =	 {454-458}
}

@Article{farl:76,
  author =	 {A. MacFarlane and N. Karcanias},
  title =	 {Poles and zeros of linear multivariable systems: a
                  survey of the algebraic, geometric and
                  complex-variable theory},
  journal =	 IJC,
  year =	 1976,
  volume =	 {24},
  pages =	 {33-74}
}

@Article{fenton:76,
  author =	 {R. E. Fenton and G. C. Melocik and K. W. Olson},
  title =	 {On the steering of automated vehicles: {Theory} and
                  Experiment},
  journal =	 TAC,
  year =	 1976,
  volume =	 {21, no.~3},
  pages =	 {306-315},
}

@Article{fenton:91,
  author =	 {R. E. Fenton and R. J. Mayhan},
  title =	 {Automated highway studies at the {Ohio} {State}
                  {University} - {An overview}},
  journal =	 TVT,
  year =	 1991,
  volume =	 {40, no.~1},
  pages =	 {100-113},
}

@Inproceedings{finst:91,
  author =	 {R. Finsterwalder},
  title =	 {A parallel coordinate editor as a visual decision
                  aid in a multiobjective concurrent control
                  engineering environment},
  booktitle =	 {Proc. 5th IFAC/IMACS symposium on Computer Aided
                  Design in Control Systems, University of Wales,
                  Swansea, UK},
  year =	 1991,
  publisher =	 {Pergamon Press, Oxford},
  pages =	 {118-122}
}

@Article{fle:63,
  author =	 {R. Fletcher and M. J. D. Powell},
  title =	 {A Rapidly Convergent Descent Method for
                  Minimization},
  journal =	 {Computer J.},
  year =	 1963,
  volume =	 6,
  pages =	 {163-171}
}


@Misc{fleck:96,
  author = 	 {R. Fleck},
  title = 	 {{Konstruktion} einer aktiven {Lenkung}},
  year = 	 {1996},
  note =	 {Durchgef\"uhrt bei {B}{M}{W} {Technik} {Gmb}{H},
                  {M\"unchen}},
  howpublished = {Diplomarbeit, {Technische} {Universit\"at}
                  {M\"unchen}, {Lehrstuhl} f\"ur 
                  {Verbrennungskraftmaschinen} und {Kraftfahrzeuge}},
}

@Book{foell:78,
  author =	 {O. F\"ollinger},
  title =	 {Nichtlineare Regelungen I/II},
  publisher =	 {Oldenbourg},
  address =	 {M\"unchen},
  year =	 1978
}

@Book{foell:80,
  author =	 {O. F\"ollinger},
  title =	 {Nichtlineare Regelungen II},
  publisher =	 {Oldenbourg},
  address =	 {M\"unchen},
  year =	 1980
}

@Book{foell:90,
  author =	 {O. F\"ollinger},
  title =	 {Regelungstechnik},
  publisher =	 {H\"uthig},
  address =	 {Heidelberg},
  year =	 1990
}

@Article{foo:89,
  author =	 {Y. F. Foo and Y. C. Soh},
  title =	 {Root Clustering of Interval Polynomials in the
                  Left-Sector},
  journal =	 SCL,
  year =	 1989,
  volume =	 13,
  number =	 3,
  pages =	 {239-245}
}

@Article{foso:92,
  author =	 {Y. K. Foo and Y. C. Soh},
  title =	 {Robustness Analysis of Interval Plants: Gain Margin,
                  Phase Margin, Passivity and the Circle Criterion},
  journal =	 {Automatica},
  year =	 {1992},
}

@Book{frankl:80,
  author =	 {G. F. Franklin and J. D. Powell},
  title =	 {Digital control},
  publisher =	 {Addison-Wesley},
  address =	 {Reading, Massachusetts},
  year =	 1980
}

@Inproceedings{frazer:29,
  author =	 {R. A. Frazer and W. J. Duncan},
  title =	 {On the criteria for the stability of small motions},
  booktitle =	 {Proc. Royal Society A},
  year =	 1929,
  volume =	 124,
  pages =	 {642-654}
}

@Inproceedings{fu:89,
  author =	 {M. Fu},
  title =	 {A class of {Kharitonov} regions for robust stability
                  of dynamic systems},
  booktitle =	 ACC,
  year =	 1989
}

@Article{fu:89a,
  author =	 {M. Fu and A. W. Olbrot and M. P. Polis},
  title =	 {Robust Stability for Time-Delay Systems: The Edge
                  Theorem and Graphical Tests},
  journal =	 IAC,
  year =	 1989,
  volume =	 34,
  number =	 8,
  pages =	 {813-820}
}

@Article{fu:90,
  author =	 {M. Fu},
  title =	 {Computing the Frequency Response of Linear Systems
                  with Parametric Perturbations},
  journal =	 SCL,
  year =	 1990,
  volume =	 15,
  pages =	 {45-52}
}

@Article{fu:90a,
  author =	 {M. Fu},
  title =	 {Polytopes of polynomials with zeros in a prescribed
                  region: {New} criteria and algorithms},
  journal =	 SCL,
  year =	 1990,
  volume =	 15,
  pages =	 {125-145}
}

@Article{fu:91,
  author =	 {M. Fu},
  title =	 {A class of weak {Kharitonov} regions for robust
                  stability of linear uncertain systems},
  journal =	 IAC,
  year =	 1991,
  volume =	 36,
  pages =	 {975-978}
}

@Book{fult:89,
  author =	 {W. Fulton},
  title =	 {Algebraic Curves},
  publisher =	 {Addison-Wesley},
  address =	 {Reading, Massachusetts},
  year =	 1989
}

@Article{furu:89,
  author =	 {Y. Furukawa and N. Yuhara and S. Sano and H. Takeda
                  and Y. Matsushita},
  title =	 {A review of four--wheel steering studies from the
                  viewpoint of vehicle dynamics and control},
  journal =	 {Vehicle System Dynamics},
  year =	 1989,
  volume =	 18,
  pages =	 {151-186}
}

@manual{gahi:95,
  author =	 {P. Gahinet and A. Nemirovsky and A. Laub and M. Chilali},
  title =	 {The LMI Control Toolbox},
  organization = {The MathWorks, Inc.},
  year =	 1995
}

@Book{gant:59,
  author =	 {F. R. Gantmacher},
  title =	 {The theory of matrices},
  publisher =	 {Chelsea},
  address =	 {New York},
  year =	 1959
}

@Book{gant:65,
  author =	 {F. R. Gantmacher},
  title =	 {Matrizenrechnung.},
  publisher =	 {VEB Deutscher Verlag der Wissenschaften},
  address =	 {Berlin},
  year =	 1965
}

@Book{gelb:68,
  author =	 {A. Gelb and W. E. {Vander Velde}},
  title =	 {Multiple-Input Describing Functions and Nonlinear
                  System Design},
  publisher =	 {MacGraw-Hill},
  year =	 {1968},
  address =	 {New York},
}

@Inproceedings{germann:94,
  author =       {S. Germann and R. Isermann},
  title =        {Determination of the centre of gravity height of a vehicle
with parameter estimation},
  booktitle =    {IFAC Symposium on System Identification},
  address =      {Copenhagen},
  year =         1994
}

@Article{ghosh:83,
  author =	 {B. K. Ghosh and C. I. Byrnes},
  title =	 {Simultaneous stablization and simultaneous
                  pole--placement by nonswitching dynamic
                  compensators},
  journal =	 IAC,
  volume =	 28,
  year =	 1983,
  pages =	 {735-741}
}

@Article{ghosh:85,
  author =	 {B. K. Ghosh},
  title =	 {Some new results on the simultaneous stabilizability
                  of a family of single input, single output systems},
  journal =	 SCL,
  volume =	 6,
  year =	 1985,
  pages =	 {39-45}
}

@Article{ghosh:86,
  author =	 {B. K. Ghosh},
  title =	 {An approach to simultaneous system design. {Part} I:
                  {Semialgebraic} geometric methods},
  journal =	 SIAM,
  volume =	 24,
  year =	 1986,
  pages =	 {480-496}
}

@Article{ghosh:88,
  author =	 {B. K. Ghosh},
  title =	 {An approach to simultaneous system design. {Part}
                  II: {Nonswitching} gain and dynamic feedback by
                  algebraic methods},
  journal =	 SIAM,
  volume =	 26,
  year =	 1988,
  pages =	 {919-963}
}

@Article{gilb:63,
  author =	 {E. G. Gilbert},
  title =	 {Controllability and observability in multivariable
                  control systems},
  journal =	 SIAM,
  year =	 1963,
  pages =	 {128-151}
}

@Book{gips:87,
  author =	 {M. Gipser},
  title =	 {DNS-{Tire} - ein dynamisches, r\"aumliches,
                  nichtlineares {Reifenmodell}},
  publisher =	 {VDI, D\"usseldorf},
  year =	 {1987},
  series =	 {VDI-Berichte 650, Reifen Fahrwerk Fahrbahn},
}

@InCollection{goer:93,
  author = 	 {H. J. G\"orich and S. Jacobi and U. Reuter},
  title = 	 {Ermittlung des aktuellen {Kraftschlu{\ss}potentials}
                  eines {Pkws} im {Fahrbetrieb}},
  booktitle = 	 {VDI-Berichte},
  series =	 {Verkehrstechnik/Fahrzeugtechnik},
  publisher =	 {VDI-Verlag},
  address =	 {D\"usseldorf},
  pages = 	 {299-328},
  year = 	 {1993},
  number = 	 {1088},
}

@Inproceedings{goh:92,
  author =	 {C. Goh and G. Gr\"ubel},
  title =	 {Robust low-order control of a generic flexible test
                  structure},
  booktitle =	 {Proc. 1st IEEE Conference on Control Applications},
  pages =	 {206-211},
  address =	 {Dayton, Ohio},
  year =	 1992
}

@Inproceedings{grueb:84,
  author =	 {G. Gr\"ubel and D. Joos and D. Kaesbauer and
                  R. Hillgren},
  title =	 {Robust back-up stabilization for
                  artificial-stability aircraft},
  booktitle =	 {Proc. 14th ICAS Congress},
  address =	 {Toulouse},
  year =	 1984
}

@Inproceedings{grueb:92,
  author =	 {G. Gr\"ubel },
  title =	 {A Coherent Technology for Optimization-Based Control
                  System Design},
  booktitle =	 {9th IFAC Workshop Control Applications of
                  Optimization},
  address =	 {M\"unchen},
  year =	 1992
}

@Inproceedings{grueb:92a,
  author =	 {G. Gr\"ubel and W. Kort\"um},
  title =	 {Towards a coherent technology for computational
                  vehicle system dynamics},
  booktitle =	 AVEC,
  address =	 {Yokohama, Japan},
  year =	 1992
}

@Inproceedings{grueb:93,
  author =	 {G. Gr\"ubel and H. D. Joos and M. Otter and
                  R. Finsterwalder },
  title =	 {The {ANDECS} design environment for control
                  engineering},
  booktitle =	 {Proc. 12th IFAC World Congress},
  address =	 {Sydney, Austr.},
  year =	 1993
}

@Inproceedings {gust:96,
  author =	 {F. Gustafsson},
  title =	 {Estimation and change detection of tire-road
                  friction using the wheel slip},
  booktitle =	 {Proc. IEEE Symposium on Computer-Aided Control
                  System Design},
  pages =	 {99-194},
  year =	 1996,
  address =	 {Dearborn, MI},
}

@Inproceedings {gust:97,
  author =	 {F. Gustafsson},
  title =	 {A comparative study on change detection for some
                  automotive applications},
  booktitle =	 ECC,
  address =	 {Brussels, Belgium},
  year =	 1997
}

@Inproceedings{gut:90,
  author =	 {P. Gutman and C. Baril and L. Neumann},
  title =	 {An image processing approach for computing value
                  sets of uncertain transfer functions},
  booktitle =	 CDC,
  address =	 {Honolulu},
  year =	 1990,
  pages =	 {1224-1229}
}

@Article{half:98,
  author =       {C. Halfmann and H. Holzmann and R. Schwarz and M. W\"urtenberger},
  title =        {Identifikation der {W}ankdynamik eines {K}raftfahrzeugs
                  mit {P}arametersch\"atzverfahren und {N}euronalen {N}etzen}, 
  journal =      {Automatisierungstechnik},
  year =         {1998},
  volume =       {46},
  number =       {9},
  pages =        {420-425},
}

@Inproceedings{hash:90,
  author =	 {H. Hashimoto and V. I. Utkin and J.-X. Xu and
                  H. Suzuki and F. Harashima},
  title =	 {V{S}{S} Observer for linear time varying systems},
  booktitle =	 {Proc. IECON Annual Conf. of IEEE Industrial
                  Electronics Society},
  year =	 1990,
  address =	 {Pacific Grove, CA, USA},
  pages =	 {34-39}
}

@Misc{hedr:90,
  author =	 {J. K. Hedrick and P. Lugner and H. Pacejka and
                  K. J. Plitt and R. S. Sharp and D. N. Wormley},
  title =	 {Control of vehicle ride and handling},
  note =	 {Manuscript of a CCG short course in
                  Oberpfaffenhofen},
  address =	 {Oberpfaffenhofen},
  year =	 1990
}

@Article{hermite:1856,
  author =	 {C. Hermite},
  title =	 {Sur le nombre des racines d'une \'{e}quation
                  alg\'{e}brique comprise entre des limites
                  donn\'{e}es},
  journal =	 {J. Reine Angewandte Mathematik},
  volume =	 52,
  year =	 1852,
  pages =	 {39-51},
  note =	 {English translation {\it Int. Journal of Control}
                  1977}
}

@Article{hess:90,
  author =	 {R. A. Hess and A. Modjtahedzadeh},
  title =	 {A control theoretic model of driver steering
                  behavior},
  journal =	 {IEEE Control Systems Magazine},
  volume =	 10,
  number =	 5,
  year =	 1990,
  pages =	 {3-8}
}

@Inproceedings{hira:96,
  author =	 {Y. Hirano and K. Fukatani},
  title =	 {Development of robust active rear steering control},
  booktitle =	 AVEC,
  pages =	 {359-375},
  year =	 {1996},
  month =	 {June},
}

@Article{hirz:98,
  author = 	 {G. Hirzinger},
  title = 	 {Intelligente {Roboter}},
  journal = 	 {Spektrum der Wissenschaft},
  year = 	 {1998},
  OPTkey = 	 {},
  OPTvolume = 	 {},
  number = 	 {4},
  pages = 	 {54-61},
  OPTmonth = 	 {},
  note = 	 {enth\"alt u. a. Beschreibung des k\"unstlichen Muskels},
  OPTabstract =  {},
  OPTentrydate = {Sat Feb 20 10:05:04 1999},
  OPTentryeditor = {Tilman Buente RR},
  OPTkeywords =  {}
}

@Article{hollot:86,
  author =	 {C. V. Hollot and A. C. Bartlett},
  title =	 {Some Discrete Time Counterparts to {Kharitonov's}
                  Stability Criterion for Uncertain Systems},
  journal =	 IAC,
  volume =	 31,
  number =	 4,
  year =	 1986,
  pages =	 {355-356}
}

@Inproceedings{hollot:87,
  author =	 {C. V. Hollot and A. C. Bartlett},
  title =	 {On the Eigenvalues of Interval Matrices},
  booktitle =	 CDC,
  address =	 {Los Angeles},
  year =	 1987,
  pages =	 {794-799}
}

@Article{hollot:90,
  author =	 {C. V. Hollot and F. Yang},
  title =	 {Robust stabilization of interval plants using lead
                  or lag compensators},
  journal =	 SCL,
  volume =	 14,
  year =	 1990,
  pages =	 {9-12}
}

@Inproceedings{hollot:90a,
  author =	 {C. V. Hollot and F. J. Kraus and R. Tempo and
                  B. R. Barmish},
  title =	 {Extreme point results for robust stabilization of
                  interval plants with first order compensator},
  booktitle =	 ACC,
  address =	 {San Diego},
  year =	 1990,
  pages =	 {2533-2538}
}

@Article{hollot:90b,
  author =	 {C. V. Hollot and D. P. Looze and A. C. Bartlett},
  title =	 {Parametric Uncertainty and Unmodeled Dynamics:
                  Analysis via Parameter Space Methods},
  journal =	 AUTO,
  volume =	 26,
  number =	 2,
  year =	 1990,
  pages =	 {269-282}
}

@Article{hollot:91,
  author =	 {C. V. Hollot and R. Tempo},
  title =	 {On the {Nyquist} envelope of an interval plant
                  family},
  journal =	 IAC,
  year =	 1991
}

@Book{horo:63,
  author =	 {I. M. Horowitz},
  title =	 {Synthesis of feedback systems},
  publisher =	 {Academic Press},
  address =	 {New York},
  year =	 1963
}

@Article{horo:72,
  author =	 {I. M. Horowitz and M. Sidi},
  title =	 {Synthesis of feedback systems with large plant
                  ignorance for prescribed time-domain tolerances},
  journal =	 IJC,
  volume =	 16,
  pages =	 {287-309},
  year =	 1972
}

@Article{horo:75,
  author =	 {I. M. Horowitz},
  title =	 {A synthesis theory for linear time-varying feedback
                  systems with plant uncertainty},
  journal =	 IAC,
  volume =	 20,
  pages =	 {454-464},
  year =	 1975
}

@Article{horo:79,
  author =	 {I. M. Horowitz},
  title =	 {Quantitive synthesis of uncertain multiple
                  input-output feedback systems},
  journal =	 IJC,
  volume =	 30,
  pages =	 {81-106},
  year =	 1979
}

@Inproceedings{horo:82,
  author =	 {I. M. Horowitz},
  title =	 {Quantitative feedback theory},
  booktitle =	 {IEE Proc.},
  year =	 1982,
  volume =	 {129 D},
  pages =	 {215-226}
}

@Inproceedings{horo:88,
  author =	 {I. M. Horowitz},
  title =	 {Quantitative feedback theory},
  booktitle =	 ACC,
  year =	 1988,
  pages =	 {2032-2037}
}

@Article{horo:91,
  author =	 {I. M. Horowitz},
  title =	 {Survey of quantitative feedback theory ({QFT})},
  journal =	 IJC,
  volume =	 53,
  pages =	 {255-291},
  year =	 1991
}

@Article{howi:91,
  author =	 {G. D. Howitt and R. Luus},
  title =	 {Simultaneous stabilization of linear single--input
                  systems by linear state feedback control},
  journal =	 IJC,
  volume =	 54,
  number =	 4,
  pages =	 {1015-1030},
  year =	 1991
}

@Article{huang:87,
  author =	 {Huang-Lin and C. V. Hollot and A. C. Bartlett},
  title =	 {Stability of families of polynomials: geometric
                  considerations in coefficient space},
  journal =	 IJC,
  year =	 1987,
  volume =	 45,
  number =	 2,
  pages =	 {649-660}
}

@Article{hur:1895,
  author =	 {A. Hurwitz},
  title =	 {{\"Uber} die {Bedingungen}, unter welchen eine
                  {Gleichung} nur {Wurzeln} mit negativen reellen
                  {Teilen} besitzt},
  journal =	 {Mathematische Annalen},
  year =	 1895,
  volume =	 46,
  pages =	 {273-284}
}

@Inproceedings{ifac:87,
  title =	 {Discussion session ``{Robust} control''},
  booktitle =	 {Proc. 10th IFAC World Congress on Automatic Control},
  address =	 {Munich},
  year =	 1987,
  volume =	 11,
  pages =	 {64-65}
}

@Misc{inoue:91,
  author =	 {H. Inoue and H. Harada and Y. Yokoya},
  title =	 {Allradlenksystem im {Toyota} {Soarer}},
  howpublished = {{Presented} at {Tagung} {Allradlenksysteme} bei
                  {Personenwagen}, {Haus} der {Technik}, {Essen}},
  month =	 {Dec.},
  year =	 1991
}

@Book{isido:89,
  author =	 {A. Isidori},
  title =	 {Nonlinear control systems},
  publisher =	 {Springer},
  address =	 {Heidelberg},
  year =	 1989
}

@Article{johnston:79,
  author =	 {A. R. Johnston and T. Assefi and J. Y. Lai},
  title =	 {Automated vehicle guidance using discrete markers},
  journal =	 TVT,
  year =	 1979,
  volume =	 {28, no.~1},
  pages =	 {95-105},
}

@Techreport{joos:90a,
  author =	 {H.-D. Joos},
  title =	 {{Mehrzieliger optimierungsgest\"utzter
                  regelungstechnischer Entwurf}},
  institution =	 DLR,
  number =	 {TR R8--90},
  year =	 {1990}
}

@Techreport{joos:90b,
  author =	 {H.-D. Joos},
  title =	 {{MOPS Multiple Objectives Programming System ---
                  Software Documentation 1.0}},
  institution =	 DLR,
  number =	 {TR R9--90},
  year =	 {1990}
}

@Techreport{joos:90c,
  author =	 {H.-D. Joos},
  title =	 {{Eine Einf\"uhrung in die Bedienung von MOPS --
                  Version 1.0 und in die M\"oglichkeiten der
                  mehrzieligen Optimierung an einem Beispiel}},
  institution =	 DLR,
  number =	 {TR R9.1--90},
  year =	 {1990}
}

@Inproceedings{joos:91,
  author =	 {H.-D. Joos},
  title =	 {Automatic evolution of a decision-supporting design
                  project database in concurrent control engineering},
  booktitle =	 {Proc. 5th IFAC/IMACS symposium on Computer Aided
                  Design in Control Systems, University of Wales,
                  Swansea, UK},
  publisher =	 {Pergamon Press, Oxford},
  year =	 1991,
  pages =	 {113-117}
}

@Inproceedings{joos:91a,
  author =	 {H.-D. Joos and M. Otter},
  title =	 {Control engineering data structures for concurrent
                  engineering},
  booktitle =	 {Proc. 5th IFAC/IMACS symposium on Computer Aided
                  Design in Control Systems, University of Wales,
                  Swansea, UK},
  publisher =	 {Pergamon Press, Oxford},
  year =	 1991,
  pages =	 {107-112}
}

@Techreport{joos:91d,
  author =	 {H.-D. Joos},
  title =	 {{MOPS} Multi Objective Programming System Software
                  Documentation 1.1},
  institution =	 DLR,
  type =	 {{DLR--IB 515--91/29}},
  year =	 {1991}
}

@Techreport{joos:91e,
  author =	 {H.-D. Joos},
  title =	 {{Eine Einf\"uhrung in die Bedienung von {MOPS} und
                  in die M\"oglichkeiten der mehrzieligen Optimierung
                  an einem Beispiel, MOPS--Version 1.1}},
  institution =	 DLR,
  type =	 {{DLR--IB 515--91/27}},
  year =	 {1991}
}

@Techreport{joos:91f,
  author =	 {H.-D. Joos},
  title =	 {Use of synthesis procedures in multi--objective
                  optimization--based controller design},
  institution =	 DLR,
  type =	 {{DLR--IB 515--91/40}},
  year =	 {1991}
}

@Techreport{joos:92,
  author =	 {H.-D. Joos},
  title =	 {Optimization Problem Setup for the Design of
                  Nonlinear Suspension Elements - An Introduction
                  Example for the Combination of {ANDECS\_DSSIM and
                  ANDECS\_MOPS}},
  institution =	 DLR,
  number =	 {TR R84-92},
  year =	 {1992}
}

@Book{jury:58,
  author =	 {E. I. Jury},
  title =	 {Sampled-data control systems},
  address =	 {New York},
  publisher =	 {John Wiley},
  year =	 1958
}

@Article{jury:63,
  author =	 {E. I. Jury and T. Pavlidis},
  title =	 {Stability and aperiodicity constraints for systems
                  design},
  journal =	 {IEEE Trans. on Circuit Theory},
  year =	 1963,
  pages =	 {137-141}
}

@Book{jury:64,
  author =	 {E. I. Jury},
  title =	 {Theory and application of the $z$-transform method},
  address =	 {New York},
  publisher =	 {John Wiley},
  year =	 1964
}

@Book{jury:74,
  author =	 {E. I. Jury},
  title =	 {Inners and stability of dynamic systems},
  address =	 {New York},
  publisher =	 {John Wiley},
  year =	 1974
}

@Inproceedings{jury:90,
  author =	 {E. I. Jury},
  title =	 {Robustness of discrete systems: a review},
  booktitle =	 IFAC,
  address =	 {Tallinn},
  year =	 1990,
  volume =	 5,
  pages =	 {184-189}
}

@Book{kail:80,
  author =	 {T. Kailath},
  title =	 {Linear systems},
  publisher =	 {Prentice-Hall},
  address =	 {Englewood Cliffs, N.J.},
  year =	 {1980}
}

@Inproceedings{kal:60,
  author =	 {R. E. Kalman},
  title =	 {On the general theory of control systems},
  booktitle =	 {First IFAC Congress},
  address =	 {Moskow},
  year =	 1960,
  pages =	 {481-492}
}

@Article{kal:63,
  author =	 {R. E. Kalman},
  title =	 {Mathematical description of linear dynamical
                  systems},
  journal =	 SIAM,
  year =	 1963,
  pages =	 {152-192}
}

@Article{kassel:69,
  author =	 {J. T. Kasselmann and T. W. Keranen},
  title =	 {Adaptive steering},
  journal =	 {Bendix Technical Journal},
  year =	 1969,
  volume =	 2,
  pages =	 {26-35}
}

@Article{kat:90,
  author =	 {A. Katbab and E. I. Jury},
  title =	 {Robust {Schur}-stability of control systems with
                  interval plants},
  journal =	 IJC,
  year =	 1990,
  pages =	 {1343-1352}
}

@Inproceedings{kaul:91,
  author =	 {A. Kaul and M. A. O'Connor and V. Srinivasan},
  title =	 {Computing {Minkowski} sums of regular polygons},
  booktitle =	 {Proc. 3rd Canad. Conf. Comput. Geom.},
  year =	 1991,
  pages =	 {74-77}
}

@Inproceedings{khar:78,
  author =	 {V. L. Kharitonov},
  title =	 {On a generalization of a stability criterion},
  booktitle =	 {Seria fiziko--matematicheskaia},
  organization = {Izvestiia Akademii nauk Kazakhskoi SSR},
  year =	 1978,
  volume =	 1,
  pages =	 {53-57}
}

@Article{khar:79,
  author =	 {V. L. Kharitonov},
  title =	 {Asymptotic stability of an equilibrium position of a
                  family of systems of linear differential equations},
  journal =	 {Differential Equations},
  year =	 1979,
  volume =	 14,
  number =	 3,
  pages =	 {26-35}
}

@Article{kharg:85,
  author =	 {P. Khargonekar and A. Tannenbaum},
  title =	 {Non-{Euklidian} metrics and the robust stabilization
                  of systems with parameter uncertainty},
  journal =	 IAC,
  year =	 1985,
  volume =	 30,
  pages =	 {1005-1013}
}

@Article{kharg:90,
  author =	 {P. Khargonekar and I. Petersen and K. Zhou},
  title =	 {Robust stabilization of uncertain linear systems:
                  quadratic stability and the $H_\infty$ control
                  theory},
  journal =	 IAC,
  year =	 1989,
  volume =	 34,
  pages =	 {831-847}
}

@InProceedings{kien:93,
  author = 	 {U. Kiencke},
  title = 	 {Realtime Estimation of Adhesion Characteristic
                  between Tyres and Road},
  booktitle =	 {Proc. 12th IFAC World Congress},
  address =	 {Sydney},
  year =	 1993,
  pages =	 {7-10},
}

@Article{kimura:84,
  author =	 {H. Kimura},
  title =	 {Robust stabilization for a class of transfer
                  functions},
  journal =	 IAC,
  year =	 1984,
  volume =	 29,
  pages =	 {788-793}
}

@Article{koko:76,
  author =	 {P. V. Kokotovic and R. B. O'Malley Jr. and
                  P. Sannuti},
  title =	 {Singular perturbation and order reduction in control
                  theory},
  journal =	 AUTO,
  year =	 1976,
  volume =	 {12},
  pages =	 {123-132}
}

@Book{kort:93,
  author =	 {W. Kort\"um and P. Lugner},
  title =	 {Systemdynamik und Regelung von Fahrzeugen},
  publisher =	 {Springer},
  address =	 {Heidelberg},
  year =	 1993
}

@Inproceedings{kort:93a,
  author =	 {W. Kort\"um and W. Schwartz},
  title =	 {Design of optimal active vehicle suspensions based
                  on realistic models},
  booktitle =	 {Second Conference on Mechatronics and Robotics,
                  Duisburg},
  year =	 1993,
  pages =	 {383-401}
}

@Inproceedings{kort:94,
  author =	 {W. Kort"um and W. Rulka},
  title =	 {Recent enhancements of {SIMPACK} and vehicle
                  applications},
  booktitle =	 {EUROMECH 320: Multibody Systems, advanced algorithms
                  and software tools, Prag},
  year =	 1994,
}

@Inproceedings{kraem:96,
  author =	 {W. Kr\"amer and M. Hackl},
  title =	 {Potential Functions and Benefits of Electronic
                  Steering Assistance},
  booktitle =	 {XXVI Fisista Congress},
  year =	 {1996},
  address =	 {Praha},
  month =	 {June 17-21},
}

@Article{kraus:88,
  author =	 {F. J. Kraus and B. D. O. Anderson and M. Mansour},
  title =	 {Robust {Schur} polynomial stability and
                  {Khartitonov's} theorem},
  journal =	 IJC,
  year =	 1988,
  volume =	 47,
  pages =	 {1213-1275}
}

@Inproceedings{kraus:88a,
  author =	 {F. Kraus and B. Anderson and E. Jury and M. Mansour},
  title =	 {On robustness of low order {Schur} Polynomials},
  booktitle =	 {IEEE Trans. on Circuits and Systems},
  year =	 1988,
  pages =	 {570-577}
}

@Article{kraus:89,
  author =	 {F. J. Kraus and B. D. O. Anderson and M. Mansour},
  title =	 {Robust stability of polynomials with multilinear
                  parameter dependence},
  journal =	 IJC,
  year =	 1989,
  volume =	 50,
  number =	 5,
  pages =	 {1745-1762}
}

@Inproceedings{kraus:89a,
  author =	 {F. J. Kraus and M. Mansour},
  title =	 {Robust {Schur}-stability of interval polynomials},
  booktitle =	 CDC,
  year =	 1989,
  address =	 {Tampa},
  pages =	 {1908-1910}
}

@Article{kwak:82,
  author =	 {H. Kwakernaak},
  title =	 {A condition for robust stabilizability},
  journal =	 SCL,
  year =	 1982,
  volume =	 3,
  pages =	 {1-5}
}

@Inproceedings{laza:91,
  author =	 {D. Lazard},
  title =	 {System of algebraic equations (algorithms and
                  complexity)},
  booktitle =	 {Symposium on symbolic and algebraic computation},
  year =	 1991,
  address =	 {Bonn}
}

@InCollection{leib:80,
  author = 	 {H. Leiber and A. Czinczel and J. Anlauf},
  title = 	 {Antiblockiersystem ({A}{B}{S}) f"ur {Personenkraftwagen}},
  booktitle = 	 {Technische Berichte 7},
  year =	 {1980},
  publisher =    {Bosch},
  pages = 	 {65-94},
}

@Misc{lein:91,
  author =	 {R. Leininger},
  title =	 {Marktsituation, {Marktprognose} 4{WS}},
  howpublished = {in {H}. {Wallentowitz} ({Hrsg.})
                  {Veranstaltungsunterlagen} {Allradlenksysteme} bei
                  {Personenwagen}, {Haus} der {Technik}, {Essen}},
  month =	 {3./4. Dez.},
  year =	 1991
}

@Article{leit:79,
  author =	 {G. Leitmann},
  title =	 {Guaranteed asymptotic stability for some linear
                  systems with bounded uncertainties},
  journal =	 {J. of Dynamic Systems, Measurement, and Control},
  year =	 1979,
  volume =	 1,
  pages =	 {212-216}
}

@Article{leit:81,
  author =	 {G. Leitmann},
  title =	 {On the efficacy of nonlinear control in uncertain
                  systems},
  journal =	 DSMC,
  year =	 1981,
  volume =	 {102},
  pages =	 {95-102},
}

@Article{leon:44,
  author =	 {A. Leonhard},
  title =	 {Neues {Verfahren} zur {Stabilit\"atsuntersuchung}},
  journal =	 {Archiv f\"ur {Elektrotechnik}},
  year =	 1944,
  volume =	 38,
  pages =	 {17-28}
}

@InProceedings{lich:87,
  author = 	 {R. Lichnofsky and A. Straub},
  title = 	 {Automatic Stability Control ({A}{S}{C})},
  booktitle = 	 {Proc. EAEC-Kongre{\ss}},
  year = 	 {1987},
  address = 	 {Stra{\ss}burg, France},
}

@Article{lien:14,
  author =	 {A. Li\'enard and A. Chipart},
  title =	 {On the {sign} of the {real part} of the {roots} of
                  an {algebraic equation}},
  journal =	 {J. Math. Pures et Appl.},
  year =	 1914,
  volume =	 10,
  pages =	 {291-346}
}

@InProceedings{lin:96,
  author = 	 {R. C. Lin and D. Cebon and D. J. Cole},
  title = 	 {Optimal roll control of a single-unit lorry},
  booktitle = 	 {Proc. IMechE},
  pages = 	 {45-55},
  year = 	 {1996},
  volume = 	 {210, Part D}
}

@Article{linv:51,
  author =	 {W. K. Linvill},
  title =	 {Sampled-data control systems studied through
                  comparison of sampling with amplitude modulation},
  journal =	 {AIEE Transactions},
  year =	 1951,
  volume =	 70,
  pages =	 {1779-1788}
}

@Article{long:79,
  author =	 {L. Longdon and D. J. East},
  title =	 {A simple geometrical technique for determining loop
                  frequency response bounds which achieve prescribed
                  sensitivity specifications},
  journal =	 IJC,
  volume =	 30,
  pages =	 {153-158},
  year =	 1979
}

@Article{los:87,
  author =	 {B. Los and A. Matheis And J. E. Nametz and
                  R. E. Smith},
  title =	 {Konstruktion und {Entwicklung} eines {Fahrzeugs} mit
                  mikropozessor-geregelter {Allradlenkung}},
  journal =	 {VDI Be\-richt},
  number =	 650,
  year =	 1987,
  volume =	 38,
  pages =	 {239-257},
  address =	 {D\"usseldorf}
}

@Article{luk:81,
  author =	 {A. G. Luk'yanov and V. I. Utkin},
  title =	 {Methods of reducing equations for dynamic systems to
                  a regular form},
  journal =	 ARC,
  year =	 1981,
  volume =	 {42, no. 4 (P.1)},
  pages =	 {413-420}
}

@Book{mac:89,
  author = 	 {J. M. Maciejowski},
  title = 	 {Multivariable Feedback Design},
  publisher = 	 {Addison-Wesley},
  year = 	 {1989},
  series = 	 {Electronic Systems Engineering Series},
  OPTwhenin = 	 {Tue May 18 16:15:11 1999},
  OPTwhoin = 	 {Dirk Odenthal RR},
}

@Inproceedings{mans:88,
  author =	 {M. Mansour and F. J. Kraus and B. Anderson},
  title =	 {Strong {Kharitonov} theorem for discrete systems},
  booktitle =	 CDC,
  address =	 {Austin, Texas},
  year =	 1988,
}

@Inproceedings{mans:89,
  author =	 {M. Mansour and F. J. Kraus},
  title =	 {Robust stability of systems with nonlinear parameter
                  dependency},
  booktitle =	 CDC,
  address =	 {Tampa, Florida},
  year =	 1989,
  pages =	 {1931-1933}
}

@Inproceedings{mans:90,
  author =	 {M. Mansour},
  title =	 {Robust {Stability} and {Robust} {Stabilization}},
  booktitle =	 ACC,
  year =	 1990,
  address =	 {SanDiego}
}

@Inproceedings{mans:93,
  author =	 {M. Mansour},
  title =	 {On {Robust} {Stability} of {Linear} {Systems}},
  booktitle =	 SCL,
  year =	 1993,
  address =	 {North Holland}
}

@Book{maple,
  author =	 {{B. W. Char}{\it~et al.}},
  title =	 {Maple {V} {Language} reference manual},
  publisher =	 {Springer},
  address =	 {New York},
  year =	 1991
}

@Book{marden:49,
  author =	 {M. Marden},
  title =	 {The geometry of the zeros of a polynomial in a
                  complex variable},
  publisher =	 {American Math. Society},
  address =	 {Providence, RI},
  series =	 {Math Surveys, no. 3},
  year =	 {1949}
}

@PhdThesis{mari:98,
  author = 	 {J. Mari},
  title = 	 {Rational Modeling of Time Series and Applications of
                  Geometric Control},
  school = 	 {Royal Institute of Technology},
  year = 	 {1998},
  OPTkey = 	 {},
  OPTtype = 	 {},
  address = 	 {Stockholm, Sweden},
  OPTmonth = 	 {},
  OPTnote = 	 {},
}

@Inproceedings{mark:92,
  author =	 {A. H. D. Markazie and N. Hori},
  title =	 {A new method with guaranteed stability for
                  discretization of continuous-time control systems},
  booktitle =	 ACC,
  address =	 {Chicago},
  year =	 1992,
  pages =	 {1397-1402}
}

@Book{math,
  author =	 {S. Wolfram},
  title =	 {Mathematica: a system for doing mathematics by
                  computer},
  publisher =	 {Addison-Wesley},
  address =	 {Redwood City},
  note =	 {third edition},
  year =	 1997
}

@Manual{matlab,
  title =	 {Matlab Users's Guide},
  organization = {The MathWorks, Inc.},
  year =	 1993
}


@Manual{matlab:96,
  title =	 {Using {M}{A}{T}{L}{A}{B}},
  organization = {The MathWorks, Inc.},
  address =	 {Natick, MA, USA},
  month =	 {Dec.},
  year =	 1996,
}

@Manual{matlab:math,
  author =	 {Doug Stein},
  title =	 {Mathematica Symbolic Toolbox for Matlab},
  organization = {Wolfram Research, Inc.},
  note =	 {freely available on mathsource.wri.com, item
                  \#0205-951},
  year =	 1994
}

@Manual{matlab:mex,
  title =	 {External Interface Guide},
  organization = {The MathWorks, Inc.},
  year =	 1993
}

@Manual{matlab:symb,
  author =	 {Denise Chen and Cleve Moler},
  title =	 {Symbolic Math Toolbox},
  organization = {The MathWorks, Inc.},
  year =	 1994
}

@Article{mayhan:82,
  author =	 {R. J. Mayhan and R. A. Bishel},
  title =	 {A two-frequency radar for vehicle automatic control},
  journal =	 TVT,
  year =	 1982,
  volume =	 {31, no.~1}
}

@Article{mclean:38,
  author =	 {McLean, J. R. and Hoffmann, E. R.},
  title =	 {The effects of restricted preview on driver steering
                  control and performance},
  journal =	 {Human Factors},
  year =	 1978,
  volume =	 15,
  pages =	 {421-430}
}

@inbook{mcoll:45,
  author =	 {L. A. MacColl},
  title =	 {Fundamental theory of servomechanisms},
  publisher =	 {Van Nostrand},
  address =	 {NewYork},
  year =	 1945,
  pages =	 {88-101}
}

@Book{mcruer:73,
  author =	 {D. McRuer and I. Ashkenas and D. Graham},
  title =	 {Aircraft dynamics and automatic control},
  publisher =	 {Princeton University Press},
  address =	 {Princeton},
  year =	 {1973}
}

@Book{meiro:80,
  author =	 {L. Meirovitch},
  title =	 {Computational methods in structural dynamics},
  publisher =	 {Sijthoff \& Noordhoff},
  address =	 {Alphen van den Rijn, The Netherlands},
  year =	 {1980}
}

@Book{middle:90,
  author =	 {R. H. Middleton and G. C. Goodwin},
  title =	 {Digital control and estimation},
  publisher =	 {Prentice-Hall},
  address =	 {Englewood Cliffs, N.J.},
  year =	 {1990}
}

@Article{mikh:38,
  author =	 {A. W. Mikhailov},
  title =	 {Method of harmonic analysis in control theory},
  journal =	 {Avtomatika i Telemekhanika},
  year =	 1938,
  volume =	 3,
  pages =	 {27-81}
}

@Misc{mil:69,
  title =	 {Flying qualities of piloted airplanes},
  howpublished = {MIL-F-8785 B (ASG)},
  month =	 {August},
  year =	 1969
}

@Article{mila:91,
  author =	 {M. Milanese and A. Vicino},
  title =	 {Optimal Estimation Theory for Dynamica Systems with
                  Set Membership Uncertainty: An Overview},
  journal =	 AUTO,
  year =	 1991,
  volume =	 27,
  number =	 6,
  pages =	 {997-1009}
}

@Article{mini:89,
  author =	 {R. J. Minichelli and J. J. Anagnost and C. A. Desoer},
  title =	 {An elementary proof of {Kharitonov's} stability
                  theorem with extensions},
  journal =	 IAC,
  year =	 1989,
  volume =	 34,
  pages =	 {995-998}
}

@Article{mitro:58,
  author =	 {D. Mitrovic},
  title =	 {Graphical analysis and synthesis of feedback control
                  systems},
  journal =	 {Trans. AIEE},
  year =	 1958,
  volume =	 77,
  number =	 2,
  pages =	 {476-503}
}

@Book{mitsch:90,
  author =	 {M. Mitschke},
  title =	 {Dynamik der {Kraftfahrzeuge}},
  publisher =	 {Springer},
  address =	 {Berlin},
  volume =	 {C},
  year =	 1990
}

@Book{muell:77,
  author = 	 {P. C. M\"uller},
  title = 	 {Stabilit\"at und {M}atrizen},
  publisher = 	 {Springer-Verlag Berlin},
  year = 	 {1977},
  whoin = 	 {Dirk Odenthal ER},
  keywords =  {Matrizen, Stabilitaet, Mechanik, lineare Analyse}
}

@Article{muell:94,
  author =	 {A. M\"uller and W. Achenbach and E. Schindler and
                  T. Wohland and F.-W. Mohn},
  title =	 {Das neue Fahrsicherheitssystem {Electronic}
                  {Stability} {Program} von {Mercedes} {Benz}},
  journal =	 {Automobiltechnische Zeitschrift 96},
  volume =	 {11},
  pages =	 {656-670},
  year =	 {1994},
}

@Inproceedings{murd:91,
  author =	 {T. M. Murdock and W. E. Schmittendorf},
  title =	 {Use of a genetic algorithm to analyze robust
                  stability problems},
  booktitle =	 {preprint},
  year =	 1991
}

@Book{nar:89,
  author =	 {K.S. Narendra and A.M. Annaswamy},
  title =	 {Stable Adaptive Systems},
  publisher =	 {Prentice-Hall},
  address =	 {Englewood Cliffs, N.J.},
  year =	 {1989}
}

@Article{nei:47,
  author =	 {Y. I. Neimark},
  title =	 {On the root distribution of polynomials},
  journal =	 {Dokl. Akad. Nauk.},
  address =	 {USSR},
  year =	 1947,
  volume =	 58,
  pages =	 {357-360}
}

@Techreport{niem:84,
  author =	 {K. Niemann and W. Weidemann},
  title =	 {Automatisch spurgef\"uhrter {Bus} {Phase} {I}{I}},
  institution =	 {Daimler-Benz AG},
  year =	 {1984},
  address =	 {Stuttgart},
  month =	 {Juni},
  note =	 {Gef\"ordert vom Bundesminister f\"ur Forschung und
                  Technologie. F\"ordernummer TV 7731 A6},
}

@Article{nort:87,
  author =	 {J. P. Norton},
  title =	 {Identification and Application of Bounded-parameter
                  Models},
  journal =	 AUTO,
  year =	 1987,
  volume =	 23,
  number =	 4,
  pages =	 {497-507}
}

@Article{nyq:32,
  author =	 {H. Nyquist},
  title =	 {Regeneration theory},
  journal =	 {Bell Systems Technical Journal},
  pages =	 {126},
  year =	 1932
}

@Article{orl:11,
  author =	 {L. Orlando},
  title =	 {Sul problema di {Hurwit}z relativo alle parti reali
                  delle radici di un'equazione algebraica},
  journal =	 {Mathematische Annalen},
  year =	 1911,
  volume =	 71,
  pages =	 {233-245}
}

@Incollection{otter:93,
  author =	 {M. Otter},
  title =	 {The {A}{N}{D}{E}{C}{S} {Simulation} {Environment}},
  booktitle =	 {The {International} {Handbook} on {Robot}
                  {Simulation} {Systems}},
  publisher =	 {John Wiley \& Sons},
  editor =	 {D. Wloka},
  year =	 {1993}
}

@InProceedings{pace:91,
  author = 	 {H. B. Pacejka and E. Bakker},
   title = 	 {The magic formula tyre model},
  booktitle = 	 {Proc. 1st International Colloquium on Tyre Models
                  for Vehicle Dynamic Analysis},
  pages = 	 {1-18},
  year = 	 {1991},
  editor = 	 {H.B. Pacejka},
  address = 	 {Delft, The Netherlands},
  publisher =    {Amsterdam/Lisse: Swets \& Zeitlinger 1993},
  month = 	 {Oct. 21-22},
  note = 	 {Supplement to Vehicle System Dynamics, Volume 21},
}

@InProceedings{pace:97,
  author = 	 {H. B. Pacejka and I. J. M. Besselink},
   title = 	 {Magic formula tyre model with transient properties},
  booktitle = 	 {Proc. 2nd International Colloquium on Tyre Models
                  for Vehicle Dynamic Analysis},
  pages = 	 {234-249},
  year = 	 {1997},
  editor = 	 {F. B\"ohm and H.-P. Willumeit},
  address = 	 {Berlin, Germany},
  month = 	 {Feb. 20-21},
  note = 	 {Supplement to Vehicle System Dynamics, Volume 27},
}

@Article{panier:89,
  author =	 {E. R. Panier and M. K. H. Fan and A. L. Tits},
  title =	 {On the robust stability of polynomials with no
                  cross--coupling between the perturbations in the
                  coefficients of even and odd powers},
  journal =	 SCL,
  year =	 1989,
  volume =	 12,
  pages =	 {291-299}
}

@Article{pank:85,
  author =	 {E. Pankiewicz},
  title =	 {Anwendung rechnergest\"utzter Verfahren zur
                  {Generierung} der {Bewegungsgleichungen} im
                  {Kraftfahrzeugbau}},
  journal =	 {VDI Fortschr.-Be\-richt},
  number =	 67,
  year =	 1986,
  volume =	 12,
  address =	 {D\"usseldorf}
}

@Book{pare:96,
  author =	 {V. Pareto},
  title =	 {Cours d'Economie Politique},
  publisher =	 {Rouge},
  address =	 {Lausanne},
  year =	 {1896}
}

@Inproceedings{parsons:89,
  author =	 {R. Parsons and W.-B. Zhang},
  title =	 {Program on advanced technology for the high-lateral
                  guidance system requirements definition},
  booktitle =	 {ASCE Int. Conf. on Appl. of Advanced Tech. in
                  Transportation Engineering},
  year =	 1989,
  address =	 {San Diego},
  pages =	 {257-280}
}

@Book{paster:71,
  author =	 {S. Pasternak},
  title =	 {Modern control aspects of automatically steered
                  vehicles},
  publisher =	 {Transportation Systems Center},
  address =	 {Cambridge, Mass., Technical Note},
  year =	 1971
}

@Article{path:91,
  author =	 {{S. E. Shladover}{\it~et al.}},
  title =	 {Automatic vehicle control developments in the
                  {P}{A}{T}{H} {Program}},
  journal =	 TVT,
  year =	 1991,
  volume =	 {40, no.~1},
  pages =	 {114-130},
}

@Inproceedings{peng:90,
  author =	 {H. Peng and M. Tomizuka},
  title =	 {Vehicle lateral control for highway automation},
  booktitle =	 ACC,
  year =	 1990,
  address =	 {San Diego},
  pages =	 {788-794}
}

@Inproceedings{peng:91,
  author =	 {H. Peng and M. Tomizuka},
  title =	 {Preview control for vehicle lateral guidance in
                  highway automation},
  booktitle =	 ACC,
  year =	 1991,
  address =	 {Boston},
  pages =	 {2621-2627}
}

@Article{peter:89,
  author =	 {I. R. Petersen},
  title =	 {A Class of Stability Regions for Which a
                  {Kharitonov}-Like Theorem Holds},
  journal =	 IAC,
  year =	 1989,
  volume =	 34,
  number =	 9,
  pages =	 {1111-1115}
}

@Misc{platte:88,
  author =	 {{DFVLR, Dornier System}},
  title =	 {Investigation of attitude and orbit control system
                  modelling for flexible space platforms},
  note =	 {ESTEC Contract No. 6839/86/NL/MA(SC) performed by
                  DFVLR, Final Report 1988},
  year =	 1988
}

@Article{polyak:90,
  author =	 {B. T. Polyak and Y. Z. Tsypkin},
  title =	 {Frequency Criteria of Robust Stability and
                  Aperiodicity of Linear Systems},
  journal =	 {Avtomatika i Telemekhanika},
  year =	 1990,
  volume =	 9,
  pages =	 {45-54}
}

@Inproceedings{poolla:90,
  author =	 {K. Poolla and J. S. Shamma and K. A. Wise},
  title =	 {Linear and nonlinear controllers for robust
                  stabilization problems: {A} survey},
  booktitle =	 IFAC,
  address =	 {Tallinn},
  year =	 1990,
  pages =	 {176-183}
}

@Article{popo:62,
  author =	 {V. M. Popov},
  title =	 {Absolute stability of nonlinear systems of automatic
                  control},
  journal =	 {Autom.\& Rem. Control},
  year =	 1962,
  volume =	 22,
  pages =	 {857-875}
}

@Book{prep:85,
  author =	 {F. Preparata and M. I. Shamos},
  title =	 {Computational geometry},
  publisher =	 {Springer},
  address =	 {New York},
  year =	 {1985}
}

@Techreport{putz:84,
  author =	 {P. Putz},
  title =	 {Algorithms for modeling and display of 2D and 3D
                  projections of parameter space regions for siso
                  control},
  institution =	 {Center of Interactive Computer Graphics, Rensselaer
                  Polytechnic Institute},
  address =	 {Troy, N.Y.},
  number =	 {Technical Report No. 84001},
  year =	 19
}

@Article{putz:87,
  author =	 {P. Putz and M. J. Wozny},
  title =	 {A new computer graphics approach to parameter space
                  design of control systems},
  journal =	 IAC,
  year =	 1987,
  volume =	 32,
  pages =	 {294-302}
}

@Book{raisch:94,
  author =	 {J. Raisch},
  title =	 {Mehrgr\"o{\ss}enregelung im Frequenzbereich},
  publisher =	 {Oldenbourg},
  address =	 {M\"unchen},
  year =	 1994
}

@Misc{rake:92,
  author = 	 {H. Rake},
  title = 	 {{Regelungstechnik} {A} und {Erg\"anzungen} ({Regelungstechnik} {B})},
  howpublished = {Institut f\"ur Regelungstechnik, RWTH Aachen},
  year = 	 {1992},
  note = 	 {Umdruck zur Vorlesung, 16. Auflage},
}

@Inproceedings{rant:90,
  author =	 {A. Rantzer},
  title =	 {Stability conditions for polytopes of polynomials},
  booktitle =	 CDC,
  year =	 1990,
  address =	 {Honolulu},
  pages =	 {27-31}
}

@Article{rant:90b,
  author =	 {A. Rantzer},
  title =	 {Hurwitz testing sets for parallel polytopes of
                  polynomials},
  journal =	 SCL,
  year =	 1990,
  volume =	 15,
  pages =	 {99-104}
}

@Phdthesis{rant:91,
  author =	 {A. Rantzer},
  title =	 {Parametric uncertainty and feedback complexity in
                  linear control systems},
  school =	 {Kungl Tekniska H\"ogskolan},
  address =	 {Stockholm},
  year =	 1991
}

@Article{rant:92,
  author =	 {A. Rantzer},
  title =	 {Stability Conditions for Polytopes of Polynomials},
  journal =	 IAC,
  year =	 1992,
  volume =	 37,
  number =	 1,
  pages =	 {79-89}
}

@Article{rant:92a,
  author =	 {A. Rantzer},
  title =	 {Kharitonov's weak theorem holds if and only if the
                  stability region and its reciprocal are convex},
  journal =	 INRC,
  year =	 1992,
}

@Article{rant:92b,
  author =	 {A. Rantzer},
  title =	 {Stability Conditions for Polytopes of Polynomials},
  journal =	 IAC,
  year =	 1992,
  volume =	 37,
  pages =	 {79-89}
}

@InProceedings{repp:95,
  author = 	 {A. Reppich and R. Willig},
  title = 	 {Yaw Rate Sensor for Vehicle Dynamics Control Systems},
  booktitle = 	 {Proc. Symposium Gyro Technology},
  pages = 	 {16.1-16.9},
  year = 	 {1995},
  editor = 	 {H. Sorg},
  address = 	 {Stuttgart, Germany},
}

@Incollection{richt:90,
  author =	 {B. Richter},
  title =	 {Entwicklungstrends bei aktiven {Fahrwerkssystemen}},
  booktitle =	 {VDI-Berichte},
  number =	 816,
  series =	 {Verkehrstechnik/Fahrzeugtechnik},
  year =	 1990,
  publisher =	 {VDI-Verlag},
  address =	 {D\"usseldorf}
}

@Article{riek:40,
  author =	 {P. Riekert and T. E. Schunck},
  title =	 {Zur {Fahrmechanik} des gummibereiften
                  {Kraftfahrzeugs}},
  journal =	 {Ingenieur Archiv},
  year =	 1940,
  volume =	 11,
  pages =	 {210-224}
}

@Book{rober:88,
  author =	 {R. E. Roberson and R. Schwertassek},
  title =	 {Dynamics of {Multibody} {Systems}},
  publisher =	 {Springer Verlag},
  year =	 {1988},
  address =	 {Berlin},
}

@Book{rock:70,
  author =	 {R. T. Rockafellar},
  title =	 {Convex analysis},
  publisher =	 {Princeton University Press},
  address =	 {Princeton},
  year =	 1970
}

@Article{ropp:94,
  author =	 {G. Roppenecker},
  title =	 {Fahrzeugdynamik: {Grundlagen} der {Modellierung} und
                  {Regelung}},
  journal =	 {Automatisierungstechnik},
  year =	 1994,
  pages =	 {429-441}
}

@Book{routh:1877,
  author =	 {E. J. Routh},
  title =	 {A treatise on the stability of a given state of
                  motion},
  publisher =	 {Macmillan},
  address =	 {London},
  year =	 {1877}
}

@Article{rulk:93,
  author =	 {W. Rulka and A. Eichberger},
  title =	 {{SIMPACK} - {An} Analysis and Design Tool for
                  Mechanical Systems},
  journal =	 {Series: Supplement to Vehicle Systems Dynamics, 22,
                  Swets {\&} Zeitlinger},
  year =	 1993,
  pages =	 {122-126}
}

@Article{saeks:82,
  author =	 {R. Saeks and J. Murray},
  title =	 {Fractional representation, algebraic geometry, and
                  the simultaneous stabilization problem},
  journal =	 IAC,
  year =	 1982,
  volume =	 27,
  pages =	 {895-903}
}

@Inproceedings{sano:86,
  author =	 {S. Sano and Y. Furukuwa and S. Shiraishi},
  title =	 {Four wheel steering system with rear wheel steer
                  angle controlled as a function of steering wheel
                  angle },
  booktitle =	 {SAE paper 860625,Int. Congress and Exposition },
  year =	 1986,
  address =	 {Detroit},
}

@Article{saydy:90,
  author =	 {L. Saydy and A.L. Tits and E.H. Abed},
  title =	 {Guardian maps and the generalized stability of
                  parameterized families of matrices and polynomials},
  journal =	 MCSS,
  year =	 1990,
  volume =	 3,
  pages =	 {345-371}
}

@Article{schiesch:88,
  author =	 {R. Schieschke and U. Wurster},
  title =	 {I{P}{G}-Tire - {Ein} flexibles, umfassendes
                  {Reifenmodell} f\"ur den {Einsatz} in
                  {Simulationsumgebungen}},
  journal =	 {Automobil-Industrie},
  year =	 {5/88},
}

@Techreport{schlippe:42,
  author =	 {B. Schlippe and R. Dietrich},
  title =	 {Zur {Mechanik} des {Luftreifens}},
  institution =	 {Zentrale f\"ur wiss. Berichtswesen der
                  Luftfahrtforschung},
  address =	 {Berlin},
  year =	 1942
}

@Book{schm:87,
  author =	 {G. Schmidt},
  title =	 {Grundlagen der Regelungstechnik, \rm 2. Auflage},
  publisher =	 {Springer},
  address =	 {Berlin},
  year =	 {1987}
}

@Article{schur:17,
  author =	 {I. Schur},
  title =	 {{\"Uber} {Potenzreihen}, die im {Inneren} des
                  {Einheitskreises} beschr\"ankt sind},
  journal =	 {Journal f\"ur Mathematik},
  year =	 {1917},
  volume =	 147,
  pages =	 {205-232}
}

@Article{schur:18,
  author =	 {I. Schur},
  title =	 {{\"Uber} {Potenzreihen}, die im {Inneren} des
                  {Einheitskreises} beschr\"ankt sind},
  journal =	 {Journal f\"ur Mathematik},
  year =	 {1918 },
  volume =	 148,
  pages =	 {122-145}
}

@InProceedings{segel:56,
  author = 	 {L. Segel},
  title = 	 {Theoretical Prediction and experimental substantiation of the
                  response of the automobile to steering control},
  booktitle = 	 {IMechE},
  pages = 	 {310-330},
  year = 	 {1956-1957}
}

@InProceedings{segel:82,
  author = 	 {L. Segel},
  title = 	 {Basic linear theory of handling and stability of automobiles},
  booktitle = 	 {International Centre for Transportation Studies},
  volume = 	 {IV},
  year = 	 {1982}
}

@Incollection{seng:89,
  author =	 {K.-H. Senger},
  title =	 {Dynamik und {Regelung} allradgelenkter {Fahrzeuge}},
  booktitle =	 {Fort\-schritts\-be\-rich\-te VDI},
  series =	 {Reihe 12: Verkehrstechnik\-/Fahrzeugtechnik},
  number =	 126,
  year =	 1989,
  publisher =	 {VDI-Verlag},
  address =	 {D\"usseldorf}
}

@Inproceedings{sid:86,
  author =	 {A. Sideris and R. R. E. deGaston},
  title =	 {Multivariable stability margin calculation with
                  uncertain correlated parameters},
  booktitle =	 CDC,
  year =	 1986,
  address =	 {Athens},
  pages =	 {766-771}
}

@Inproceedings{sid:88,
  author =	 {A. Sideris and R. S. {S\'anchez} {Pe\~na}},
  title =	 {Multivariable stability margin calculation with
                  uncertain correlated parameters},
  booktitle =	 ACC,
  year =	 1988
}

@Article{sid:89,
  author =	 {A. Sideris and R. S. {S\'anchez} {Pe\~na}},
  title =	 {Fast computation of the multivariable stability
                  margin for real interrelated uncertain parameters},
  journal =	 IAC,
  year =	 1989,
  volume =	 34,
  pages =	 {1272-1276}
}

@Inproceedings{sid:90,
  author =	 {A. Sideris},
  title =	 {Elimination of frequency search from robustness
                  test},
  booktitle =	 CDC,
  year =	 1990,
  address =	 {Honolulu},
  pages =	 {41-45}
}

@Inproceedings{sid:??,
  author =	 {A. Sideris},
  title =	 {A polynomial time algorithm for checking the robust
                  stability of a polytope of polynomials},
  booktitle =	 CDC,
  year =	 19,
  address =	 {??},
  pages =	 {651-656}
}

@Book{silj:69,
  author =	 {D. D. \v{S}iljak},
  title =	 {Nonlinear systems: the parameter analysis and
                  design},
  publisher =	 {Wiley},
  address =	 {New York},
  year =	 {1969}
}

@Manual{simulink:96,
  title =	 {Using {S}{I}{M}{U}{L}{I}{N}{K}},
  organization = {The MathWorks, Inc.},
  address =	 {Natick, MA, USA},
  month =	 {Dec.},
  year =	 {1996},
}

@Article{slot:87,
  author =	 {J.-J. Slotine and J. K. Hedrick and E. A. Misawa},
  title =	 {On sliding observers for nonlinear systems},
  journal =	 DSMC,
  year =	 1987,
  volume =	 {109},
  pages =	 {245-252},
}

@Book{slot:91,
  author =	 {J.-J. Slotine and W. Li},
  title =	 {Applied Nonlinear Control},
  publisher =	 {Prentice Hall},
  address =	 {Englewood Cliffs, NJ, USA},
  year =	 1991,
}

@Article{slotine:84,
  author =	 {J.-J. Slotine},
  title =	 {Sliding controller desin for nonlinear systems},
  journal =	 IJC,
  year =	 1984,
  volume =	 {40, no.~2},
  pages =	 {421-434},
}

@Article{soh:85,
  author =	 {C. B. Soh and C. S. Berger and K. P. Dabke},
  title =	 {On the stability properties of polynomials with
                  perturbed coefficients},
  journal =	 IAC,
  year =	 1985,
  volume =	 30,
  pages =	 {1033-1036}
}

@Article{soh:88,
  author =	 {C. B. Soh and C. S. Berger},
  title =	 {Damping Margins of Polynomials with Perturbed
                  Coefficients},
  journal =	 IAC,
  year =	 1988,
  volume =	 33,
  number =	 5,
  pages =	 {509-511}
}

@Article{soh:89,
  author =	 {C. B. Soh and Y. K. Foo},
  title =	 {Generalized Edge Theorem},
  journal =	 SCL,
  year =	 1989,
  volume =	 12,
  pages =	 {219-224}
}

@Inproceedings{soh:89a,
  author =	 {C. B. Soh and Y. K. Foo},
  title =	 {On the existence of strong {Kharitonov} theorems for
                  interval polynomials},
  booktitle =	 CDC,
  year =	 1989,
  volume =	 3,
  pages =	 {1882-1887}
}

@Article{soh:90,
  author =	 {C. B. Soh and Y. K. Foo},
  title =	 {Note on the Edge Theorem},
  journal =	 SCL,
  year =	 1990,
  volume =	 15,
  pages =	 {41-43}
}

@Inproceedings{soh:90a,
  author =	 {C. B. Soh},
  title =	 {Invariance of the aperiodic property for polynomials
                  with perturbed coefficients},
  booktitle =	 IAC,
  year =	 1990,
  volume =	 35,
  pages =	 {616-618}
}

@Inproceedings{soh:91,
  author =	 {C. B. Soh},
  title =	 {Robust stability of discrete-time systems using
                  delta operators},
  booktitle =	 IAC,
  year =	 1991,
  volume =	 36,
  pages =	 {377-380}
}

@TechReport{somies:98,
  author = 	 {G. Somieski},
  title = 	 {Ein {Verfahren} zur {Berechnung} von {Stabilit\"at}
                  und {Grenzzykel} beim {Bugradflattern} eines
                  {Flugzeuges} mittels {Eigenwerten}},
  institution =	 {DLR},
  address =	 {Oberpfaffenhofen, Germany},
  number =	 {IB 515-98-23},
  year =	 1998
}

@Article{sond:83,
  author =	 {K. P. Sondergeld},
  title =	 {A generalization of the {Routh-Hurwitz} stability
                  criteria and an application to a problem in robust
                  controller design},
  journal =	 IAC,
  year =	 1983,
  volume =	 28,
  pages =	 {965-970}
}

@Article{stein:91,
  author =	 {G. Stein and J. Doyle},
  title =	 {Beyond singular values and loop shapes},
  journal =	 JGCD,
  year =	 1991,
  volume =	 14,
  pages =	 {5-16}
}

@Book{stevens:92,
  author =	 {B. L. Stevens and F. L. Lewis},
  title =	 {Aircraft control and simulation},
  publisher =	 {Wiley},
  address =	 {New York},
  year =	 1992
}

@Book{stieb:80,
  author =	 {M. Stieber},
  title =	 {Das Konzept des Tandemreglers zur automatischen
                  Spurf\"uhrung nicht schienengebundener Fahrzeuge.},
  publisher =	 {MAN, Internal Report B 094002-EDS-005},
  year =	 1980
}

@Misc{taki:86,
  author =	 {T. Takiguchi and N. Yasuda and S. Furutani and
                  H. Kanazawa and H. Inoue},
  title =	 {Improvement of vehicle dynamics by
                  vehicle-speed-sensing four-wheel steering systems},
  howpublished = {SAE paper 860624},
  year =	 1986
}

@Inproceedings{tempo:90,
  author =	 {R. Tempo},
  title =	 {A dual result to {Khartitonov's} theorem},
  booktitle =	 IAC,
  year =	 1990,
  volume =	 35,
  pages =	 {195-197}
}

@Inproceedings{tesi:91,
  author =	 {A. Tesi and A. Vicino},
  title =	 {Robust strict positive realness for families of
                  transfer functions with interval--polytopic
                  coefficient perturbations},
  booktitle =	 ECC,
  year =	 1991,
  address =	 {Grenoble},
  pages =	 {1360-1365}
}

@Article{tesi:91a,
  author =	 {A. Tesi and A. Vicino},
  title =	 {Robust absolute stability of {Lur'e} control systems
                  in parameter space},
  journal =	 AUTO,
  volume =	 27,
  year =	 1991,
  pages =	 {147-151}
}

@Book{thom:86,
  author =	 {J. M. T. Thompson and H. B. Stewart},
  title =	 {Nonlinear dynamics and chaos},
  publisher =	 {John Wiley and Sons},
  address =	 {Chichester},
  year =	 1986,
}

@Inproceedings{tomizuka:93,
  author =	 {M. Tomizuka and J. K. Hedrick},
  title =	 {Automated vehicle control for {I}{V}{H}{S} systems},
  booktitle =	 IFAC,
  year =	 1993,
  address =	 {Sydney, Australia}
}

@Incollection{truol:92,
  author =	 {W. Tru\"ol and F. J. Kraus},
  title =	 {Computation of value sets of uncertain transfer
                  functions},
  booktitle =	 {Robustness of dynamic systems with parameter
                  uncertainties},
  publisher =	 {Birkh\"auser},
  editor =	 {{M. Mansour}{\it~et~al.}},
  address =	 {Basel},
  pages =	 {81-92},
  year =	 1992
}

@Incollection{trux:61,
  author =	 {J. G. Truxal},
  editor =	 {E. Mishkin and L. Braun},
  title =	 {Adaptive control systems},
  booktitle =	 {Control systems - some unusual design problems},
  publisher =	 {McGraw},
  address =	 {New York},
  year =	 1961,
  chapter =	 4
}

@Incollection{tsing:92,
  author =	 {N. Tsing and A.L. Tits},
  title =	 {On the multiaffine image of a cube},
  booktitle =	 {Robustness of dynamic systems with parameter
                  uncertainties},
  publisher =	 {Birkh\"auser},
  editor =	 {{M. Mansour}{\it~et al.}},
  address =	 {Basel},
  pages =	 {105-110},
  year =	 1992
}

@Article{tsuji:93,
  author =	 {T. Tsijino and T. Fujii and K. Wei},
  title =	 {On the connection between controllability and
                  stabilizability of linear systems with structural
                  uncertain parameters},
  journal =	 AUTO,
  volume =	 29,
  year =	 1993,
  pages =	 {7-12}
}

@Article{tsypkin:91,
  author =	 {Y. Z. Tsypkin and B. T. Polyak},
  title =	 {Frequency Domain Criteria for $l^p$-Robust Stability
                  of Continuous Linear Systems},
  journal =	 IAC,
  year =	 1991,
  volume =	 36,
  number =	 12,
  pages =	 {1464-1469}
}

@Incollection{tsypkin:91a,
  author =	 {Y. Z. Tsypkin and B. T. Polyak},
  title =	 {Frequency Domain Criteria for Robust Stability of
                  Polytope of Polynomials},
  editor =	 {S.P. Bhattacharyya and L.H. Keel},
  booktitle =	 {Control of uncertain dynamic systems},
  publisher =	 {{CRC} Press},
  year =	 1991,
  pages =	 {491-499}
}

@Incollection{tsypkin:92,
  author =	 {Y. Z. Tsypkin and B. T. Polyak},
  title =	 {Robust absolute stability of continuous systems},
  booktitle =	 {Robustness of dynamic systems with parameter
                  uncertainties},
  publisher =	 {Birkh\"auser},
  editor =	 {{M. Mansour}{\it~et al.}},
  address =	 {Basel},
  year =	 1992,
}

@Techreport{tuerk:82,
  author =	 {S. T\"urk},
  title =	 {Entwurf eines robusten {Reglers} f\"ur die
                  automatische {Spurf\"uhrung} eines
                  {Stadtomnibusses}},
  institution =	 {DLR},
  address =	 {Oberpfaffenhofen, Germany},
  number =	 {IB 515-82-12},
  year =	 1982
}

@Phdthesis{uffel:80,
  author =	 {F. Uffelmann},
  title =	 {Berechnung des {Lenk}- und {Bremsverhaltens} von
                  {Kraftfahrzeugz\"ugen} auf rutschiger {Fahrbahn}},
  school =	 {TU-Braunschweig},
  year =	 {1980},
}

@Article{utkin:78,
  author =	 {V. I. Utkin},
  title =	 {Application of equivalent control method to systems
                  with large feedback gain},
  journal =	 IAC,
  year =	 1978,
  volume =	 {23},
  pages =	 {484-486},
}

@Book{utkin:92,
  author =	 {V. I. Utkin},
  title =	 {Sliding Modes in Control and Optimization},
  publisher =	 {Springer-Verlag},
  address =	 {Berlin, Germany},
  year =	 1992,
}

@Inproceedings{varaya:92,
  author =	 {P. Varaiya},
  title =	 {Smart cars on smart roads: {Problems of control}},
  booktitle =	 CDC,
  year =	 1992,
  address =	 {Tucson},
}

@Article{varaya:93,
  author =	 {P. Varaiya},
  title =	 {Smart cars on smart roads: {P}roblems of control},
  journal =	 IAC,
  year =	 1993,
  volume =	 38,
  pages =	 {195-207}
}

@Article{vici:90,
  author =	 {A. Vicino and A. Tesi and M. Milanese},
  title =	 {An algorithm for nonconservative stability bounds
                  computation for systems with nonlinearly correlated
                  parametric uncertainties},
  journal =	 IAC,
  year =	 1990,
  volume =	 35,
  pages =	 {835-841}
}

@Book{vidy:78,
  author =	 {M. Vidyasagar},
  title =	 {Nonlinear systems analysis},
  publisher =	 {Prentice-Hall},
  address =	 {Englewood Cliffs, N.J.},
  year =	 {1978}
}

@Article{vidy:82,
  author =	 {M. Vidyasagar and H. Schneider and B. A. Francis},
  title =	 {Algebraic and topological aspects of feedback
                  stabilization},
  journal =	 IAC,
  year =	 1982,
  volume =	 27,
  pages =	 {880-894}
}

@Article{vidy:82a,
  author =	 {M. Vidyasagar and N. Viswanadham},
  title =	 {Algebraic Design techniques for reliable
                  stabilization},
  journal =	 IAC,
  year =	 1982,
  volume =	 27,
  pages =	 {1085-1095}
}

@Article{vish:1876,
  author =	 {I. A. Vishnegradsky},
  title =	 {Sur la th\'eorie g\'en\'erale des r\'egulateurs},
  journal =	 {Compt. Rend. Acad. Sci.},
  year =	 1876,
  volume =	 83,
  pages =	 {318-321}
}

@Book{waerd:66,
  author =	 {B. L. van der Waerden},
  title =	 {Algebra},
  publisher =	 {Springer},
  address =	 {Berlin},
  year =	 1966
}

@Article{walach:82,
  author =	 {E. Walach and E. Zeheb},
  title =	 {Generalized zero sets of multiparameter polynomials
                  and feedback stabilization},
  journal =	 CAS,
  year =	 1982,
  volume =	 {29},
  pages =	 {15-23}
}

@Misc{wall:91,
  author =	 {H. Wallentowitz},
  title =	 {Das {Einspurmodell} -- vom {Simulationsmodell} zum
                  helfenden {Beifahrer}},
  howpublished = {7. IfF-Tagung Braunschweig},
  year =	 1991
}

@Book {wall:91a,
  author =	 {H. {Wallentowitz (Hrsg.)} and R. Liegel},
  booktitle =	 {Fortschritte der Fahrzeugtechnik Band 7},
  title =	 {Allradlenksysteme bei Personenkraftwagen und
                  leichten Lastkraftwagen},
  publisher =	 {Vieweg Verlag},
  year =	 {1991},
  address =	 {Wiesbaden},
  pages =	 {22-28},
}

@Article{wang:94,
  author =	 {Y. Wang and R. Gnadler and R. Schieschke},
  title =	 {Einlaufverhalten und {Relaxationsl\"ange} von
                  {Automobilreifen}},
  journal =	 {Automobiltechnische Zeitschrift 96},
  year =	 {1994},
  pages =	 {214-222},
}

@InProceedings{wasz:96,
  author = 	 {M. Waszak},
  title = 	 {Modeling the Benchmark Active Control Technology
                  Wind-Tunnel Model for Application to Flutter Suppression},
  booktitle = 	 {Proc. Atmospheric Flight Mechanics Conference},
  year = 	 {1996},
  address = 	 {San Diego},
  note = 	 {AIAA Paper 96-3437},
}

@Article{wei:88,
  author =	 {K. Wei and B. Barmish},
  title =	 {An iterative procedure for simultaneous
                  stabilization of MIMO systems},
  journal =	 AUTO,
  volume =	 24,
  year =	 1988,
  pages =	 {643-652}
}

@Inproceedings{wei:92,
  author =	 {K. Wei},
  title =	 {Asymptotic stabilization of single--input linear
                  systems having unknown but bounded parameters},
  booktitle =	 ACC,
  year =	 1992,
  address =	 {Chicago},
  pages =	 {1004-1008}
}

@Misc{white:88,
  author =	 {J. C. Whitehead},
  title =	 {Four wheel steering: {Maneuverability} and high
                  speed stabilization},
  howpublished = {SAE paper 880642},
  year =	 1988
}

@Article{wickens:91,
  author =	 {A. H. Wickens},
  title =	 {Dynamics of actively guided vehicles},
  journal =	 {Vehicle {Systems} {Dynamics}},
  year =	 1991,
  volume =	 {20},
  pages =	 {219-242}
}

@Phdthesis{wieg:74,
  author =	 {P. Wiegner},
  title =	 {\"Uber den {Einflu\3} von {Blockierverhinderern} auf
                  das {Fahrverhalten} von {Personenkraftwagen} bei
                  {Panikbremsungen}},
  school =	 {TU-Braunschweig},
  year =	 {1974},
}

@Book{witte:95,
  author =	 {B. Witte},
  title =	 {Stabilisierung der {Gierbewegung} eines
                  {Kraftfahrzeugs} in kritischen {Fahrsituationen}},
  publisher = 	 {VDI-Verlag, D\"usseldorf},
  year = 	 {1995},
  series = 	 {Fortschritt-Berichte, Reihe 12, Nr. 254},
}

@misc{worm:92,
  author = 	 {D. N. Wormley},
  title = 	 {Analysis of automotive roll-over dynamics},
  howpublished = {Course at Carl Cranz Gesellschaft, {Ober\-pfaf\-fen\-ho\-fen}, Germany},
  year         = 1992
}

@Article{wu:90,
  author =	 {D. Wu and W. B. Gao and M. Chen},
  title =	 {Algorithm for simultaneous stabilization of
                  single--input systems via dynamic feedback},
  journal =	 IJC,
  volume =	 51,
  year =	 1990,
  pages =	 {631-642}
}

@Inproceedings{yasui:92,
  author =	 {Y. Yasui and D. L. Margolis},
  title =	 {Lateral control of automobiles using look-ahead
                  sensor},
  booktitle =	 AVEC,
  year =	 1992,
  address =	 {Yokohama, Japan},
  pages =	 {292-297}
}

@Article{yeh:90,
  author =	 {H. H. Yeh and S. S. Banda and S. A. Heise and
                  A. C. Bartlett},
  title =	 {Robust Control Design with Real-Parameter
                  Uncertainty and Unmodeled Dynamics},
  journal =	 JGCD,
  volume =	 13,
  year =	 1990,
  pages =	 {1117-1125}
}

@Article{youla:74,
  author =	 {D. C. Youla and J. J. Bongiorno and C. N. Lu},
  title =	 {Single--loop feedback--stabilization of linear
                  multivariable dynamical plants},
  journal =	 {Automatica},
  year =	 1974,
  volume =	 10,
  pages =	 {159-173}
}

@Book{zadeh:63,
  author =	 {L. A. Zadeh and C. A. Desoer},
  title =	 {Linear system theory: the state space approach},
  publisher =	 {MacGraw-Hill},
  address =	 {New York},
  year =	 1963
}

@Article{zanten:94,
  author =	 {A. v. Zanten and R. Erhardt and G. Pfaff},
  title =	 {F{D}{R} - Die {Fahr\-dynamik\-regel\-ung} von
                  {Bosch}},
  journal =	 {Auto\-mobiltechni\-sche Zeitschrift},
  volume =	 96,
  pages =	 {674-689},
  year =	 1994
}

@Article{zanten:96,
  author =	 {A. v. Zanten and R. Erhardt and G. Pfaff},
  title =	 {Die {Fahr\-dynamik\-regel\-ung} von {Bosch}},
  journal =	 {Automatisierungstechnik},
  year =	 {1996},
  volume =	 {44},
  number =	 {7},
  pages =	 {359-365},
}

@Article{zedek:65,
  author =	 {M. Zedek},
  title =	 {Continuity and Location of Zeros of Linear
                  Combinations of Polynomials},
  journal =	 {Proceedings of the American Math. Society},
  year =	 1965,
  volume =	 16,
  pages =	 {78-84}
}

@Article{zeheb:81,
  author =	 {E. Zeheb and E. Walach},
  title =	 {Zero Sets of Multiparameter Functions and Stability
                  of Multidimensional Systems},
  journal =	 {IEEE Transactions on Acoustics, Speech, and Signal
                  Processing},
  year =	 1981,
  volume =	 29,
  pages =	 {197-206}
}

@Article{zeheb:89,
  author =	 {E. Zeheb},
  title =	 {Necessary and Sufficient Conditions for Root
                  Clustering of a Polytope of Polynomials in a Simply
                  Connected Domain},
  journal =	 IAC,
  year =	 1989,
  volume =	 34,
  number =	 9,
  pages =	 {986-989}
}

@Incollection{zeheb:92,
  author =	 {E. Zeheb},
  title =	 {Analysis and design of robustly stable systems via
                  zero-set methods},
  booktitle =	 {Robustness of dynamic systems with parameter
                  uncertainties},
  publisher =	 {Birkh\"auser},
  editor =	 {{M. Mansour}{\it~et al.}},
  address =	 {Basel},
  pages =	 {81-92},
  year =	 1992
}

@Inproceedings{zhang:90,
  author =	 {W. Zhang and R. E. Parsons},
  title =	 {An intelligent roadway reference system for vehicle
                  lateral guidance/control},
  booktitle =	 ACC,
  year =	 1990,
  address =	 {San Diego, CA, USA},
  pages =	 {281-286}
}

@Book{zin:90,
  editor =	 {A. S. I. Zinober},
  title =	 {Deterministic control of uncertain systems},
  publisher =	 {P.~Peregrinus~Ltd.},
  address =	 {London, UK},
  year =	 1990,
}

@Book{zomo:87,
  author =	 {A. Zomotor},
  title =	 {Fahrwerktechnik: {Fahrverhalten}},
  publisher =	 {Vogel-Verlag},
  address =	 {W\"urzburg},
  year =	 1987,
}













