@Article{GarciaMorari82,
	Title                    = {Internal Model Control. 1. A Unifying Review and Some New Results},
	Author                   = {Garcia, Carlos E. and Morari, Manfred},
	Publisher                = {American Chemical Society},
	Year                     = {1982},
	Journal                  = {Industrial \& Engineering Chemistry Process DSesign and Development},
	Pages                    = {308--323},
	Volume                   = {21},
	Number                   = {2},
}
	