% This file was created with JabRef 2.10.
% Encoding: Cp1252


@MastersThesis{Abbas2011,
  Title                    = {Non-linear model predictive control for autonomous vehicles},
  Author                   = {Abbas, Muhammad Awais},
  Year                     = {2011},

  File                     = {:06_Abschlussarbeiten\\Abbas2011.pdf:PDF}
}

@PhdThesis{Ablasmeier2009,
  Title                    = {Multimodales, kontextadaptives Informationsmanagement im Automobil},
  Author                   = {Abla{\ss}meier, Markus},
  Year                     = {2009},

  File                     = {:00_Dissertationen\\Ablasmeier2009.pdf:PDF}
}

@Article{Ackermann1980,
  Title                    = {Abstandsregelung mit {R}adar},
  Author                   = {Ackermann, Fritz},
  Journal                  = {Spektrum der Wissenschaft},
  Year                     = {1980},
  Pages                    = {24--34}
}

@InProceedings{Ackermann1994,
  Title                    = {Robust decoupling of car steering dynamics with arbitrary mass distribution},
  Author                   = {Ackermann, Juergen},
  Booktitle                = {American Control Conference, 1994},
  Year                     = {1994},
  Organization             = {IEEE},
  Pages                    = {1964--1968},
  Volume                   = {2},

  File                     = {:01_Paper\\Ackermann1994.pdf:PDF}
}

@Article{Ackermann1999,
  Title                    = {Advantages of active steering for vehicle dynamics control},
  Author                   = {Ackermann, J and B{\"u}nte, T and Odenthal, D},
  Year                     = {1999},

  File                     = {:01_Paper\\Ackermann1999.pdf:PDF},
  Publisher                = {Citeseer}
}

@Article{Ackermann1995,
  Title                    = {Linear and nonlinear controller design for robust automatic steering},
  Author                   = {Ackermann, J\"urgen and Guldner, J\"urgen and Sienel, Wolfgang and Steinhauser, Reinhold and Utkin, Vadim I},
  Journal                  = {IEEE Transactions on Control Systems Technology},
  Year                     = {1995},
  Number                   = {1},
  Pages                    = {132--143},
  Volume                   = {3},

  File                     = {:01_Paper\\Ackermann1995.pdf:PDF},
  Publisher                = {IEEE}
}

@Book{Ackermann1993a,   
  Title                    = {Robuste Regelung: Analyse und Entwurf von linearen Regelungssystemen mit unsicheren physikalischen Parametern},
  Author =	 {Ackermann, J{\"u}rgen and Bartlett, Andrew and Kaesbauer, Dieter and Sienel, Wolfgang and Steinhauser, Reinhold},
  Publisher                = {Springer},
  Year                     = {1993}
}



@Article{Ackermann1980a,
  Title                    = {Parameter space design of robust control systems},
  Author                   = {Ackermann, J{\"u}rgen},
  Journal                  = {IEEE Transactions on Automatic Control},
  Year                     = {1980},
  Number                   = {6},
  Pages                    = {1058--1072},
  Volume                   = {25},

  Publisher                = {IEEE}
}

@Book{Ackermann1993,
  Title                    = {Robust control},
  Author                   = {Ackermann, J{\"u}rgen and Bartlett, Andrew and Kaesbauer, Dieter and Sienel, Wolfgang and Steinhauser, Reinhold},
  Publisher                = {Springer},
  Year                     = {1993},

  File                     = {:02_Bücher\\Ackermann1993.pdf:PDF}
}

@Book{Ackermann2002,
  Title                    = {Robust control: the parameter space approach},
  Author                   = {Ackermann, J{\"u}rgen and Blue, Paul and B{\"u}nte, Tilman and Guvenc, Levent and Kaesbauer, Dieter and Kordt, Michael and Muhler, Michael and Odenthal, 	Dirk},
  Publisher                = {Springer},
   Year                     = {2002}
}

@Book{Adamy2009,
  Title                    = {Nichtlineare Regelungen},
  Author                   = {Adamy, J{\"u}rgen},
  Publisher                = {Springer Berlin},
  Year                     = {2009},
  Volume                   = {1},

  File                     = {:02_Bücher\\Adamy2009.pdf:PDF}
}

@PhdThesis{Adiprasito2003,
  Title                    = {Fahrzeugl{\"a}ngsf{\"u}hrung im {N}iedergeschwindigkeitsbereich},
  Author                   = {Adiprasito, Bartono},
  School                   = {Technische Universit{\"a}t Carolo-Wilhelmina zu Braunschweig},
  Year                     = {2003},

  File                     = {:00_Dissertationen\\Adiprasito2003.pdf:PDF},
  Publisher                = {Shaker}
}

@InProceedings{Aeberhard2011,
  Title                    = {High-level Sensor Data Fusion Architecture for Vehicle Surround Environment Perception},
  Author                   = {Aeberhard, Michael and Kaempchen, Nico},
  Booktitle                = {Proceedings of the 8th International Workshop on Intelligent Transportation},
  Year                     = {2011}
}

@InProceedings{AksunGuvenc2001,
  Title                    = {Robust two degree of freedom vehicle steering controller design},
  Author                   = {Aksun Guvenc, B and Bunte, T and Odenthal, D and Guvenc, L},
  Booktitle                = {American Control Conference, 2001. Proceedings of the 2001},
  Year                     = {2001},
  Organization             = {IEEE},
  Pages                    = {13--18},
  Volume                   = {1},

  File                     = {:01_Paper\\AksunGuvenc2001.pdf:PDF}
}

@InCollection{Althoff2012a,
  Title                    = {On-line Trajectory Generation for Safe and Optimal Vehicle Motion Planning},
  Author                   = {Althoff, Daniel and Buss, Martin and Lawitzky, Andreas and Werling, Moritz and Wollherr, Dirk},
  Booktitle                = {Autonomous Mobile Systems},
  Publisher                = {Springer},
  Year                     = {2012},
  Pages                    = {99--107},

  File                     = {:01_Paper\\Althoff2012.pdf:PDF}
}

@InProceedings{Althoff2012,
  Title                    = {Lane-based safety assessment of road scenes using inevitable collision states},
  Author                   = {Althoff, Daniel and Werling, Moritz and Kaempchen, Nico and Wollherr, Dirk and Buss, Martin},
  Booktitle                = {Intelligent Vehicles Symposium (IV), 2012 IEEE},
  Year                     = {2012},
  Organization             = {IEEE},
  Pages                    = {31--36},

  File                     = {:01_Paper\\Althoff2012b.pdf:PDF}
}

@Article{Ameling2002,
  Title                    = {Steigerung der aktiven Sicherheit von Kraftfahrzeugen durch ein Kollisionsvermeidungssystem},
  Author                   = {Ameling, Christian},
  Journal                  = {FORTSCHRITT BERICHTE-VDI REIHE 12 VERKEHRSTECHNIK FAHRZEUGTECHNIK},
  Year                     = {2002},

  File                     = {:00_Dissertationen\\Ameling2002.pdf:PDF},
  Publisher                = {VDI-VERLAG GMBH}
}

@Article{Anderson2010,
  Title                    = {An optimal-control-based framework for trajectory planning, threat assessment, and semi-autonomous control of passenger vehicles in hazard avoidance scenarios},
  Author                   = {Anderson, Sterling J and Peters, Steven C and Pilutti, Tom E and Iagnemma, Karl},
  Journal                  = {International Journal of Vehicle Autonomous Systems},
  Year                     = {2010},
  Number                   = {2},
  Pages                    = {190--216},
  Volume                   = {8},

  File                     = {:01_Paper\\Anderson2010.pdf:PDF},
  Publisher                = {Inderscience}
}

@Article{Andreasson2006,
  Title                    = {Global chassis control based on inverse vehicle dynamics models},
  Author                   = {Andreasson, Johan and B{\"u}nte, Tilman},
  Journal                  = {Vehicle System Dynamics},
  Year                     = {2006},
  Number                   = {sup1},
  Pages                    = {321--328},
  Volume                   = {44},

  File                     = {:01_Paper\\Andreasson2006.pdf:PDF},
  Publisher                = {Taylor \& Francis}
}

@Article{Ardelt2011,
  Title                    = {Hybrides Steuerungs-und Regelungskonzept f{\"u}r das hochautomatisierte Fahren auf Autobahnen},
  Author                   = {Ardelt, Michael and Waldmann, Peter},
  Journal                  = {Automatisierungstechnik},
  Year                     = {2011},
  Number                   = {12},
  Pages                    = {738},
  Volume                   = {59},

  File                     = {:01_Paper\\Ardelt2011.pdf:PDF}
}

@InProceedings{Attia2012,
  Title                    = {Coupled longitudinal and lateral control strategy improving lateral stability for autonomous vehicle},
  Author                   = {Attia, Rachid and Orjuela, Rodolfo and Basset, Michel},
  Booktitle                = {American Control Conference (ACC), 2012},
  Year                     = {2012},
  Organization             = {IEEE},
  Pages                    = {6509--6514},

  Abstract                 = {MPC Anwedung Querregelung. 
L{\"{a}}ngsregelung wird von linearem ACC-Regler durchgef{\"{u}}hrt, der Referenzgeschwindigkeiten bekommt (diese ber{\"{u}}cksichtigen max. Querbeschl. etc.)},
  File                     = {:01_Paper\\Attia2012.pdf:PDF}
}

@Article{Buente2001,
  Title                    = {Die Anwendung des Parameterraumverfahrens auf Ortskurvenkriterien},
  Author                   = {B{\"u}nte, Tilman},
  Journal                  = {Automatisierungstechnik},
  Year                     = {2001},
  Number                   = {12},
  Volume                   = {49},

  File                     = {:01_Paper\\Buente2001.pdf:PDF},
  Publisher                = {Oldenbourg}
}

@Article{Buente2002,
  Title                    = {Robust vehicle steering control design based on the disturbance observer},
  Author                   = {B{\"u}nte, Tilman and Odenthal, Dirk and Aksun-G{\"u}ven{\c{c}}, Bilin and G{\"u}ven{\c{c}}, Levent},
  Journal                  = {Annual Reviews in Control},
  Year                     = {2002},
  Number                   = {1},
  Pages                    = {139--149},
  Volume                   = {26},

  File                     = {:01_Paper\\Buente2002.pdf:PDF},
  Publisher                = {Elsevier}
}

@InProceedings{Buente2005,
  Title                    = {Inversion of vehicle steering dynamics with Modelica/Dymola},
  Author                   = {B{\"u}nte, Tilman and Sahin, Akin and Bajcinca, Naim},
  Booktitle                = {Proceedings},
  Year                     = {2005},

  File                     = {:01_Paper\\Buente2005.pdf:PDF}
}

@Article{Buente2004,
  Title                    = {Modellierung, Regelung, Simulation und Bewertung der Fahrdynamik},
  Author                   = {B{\"u}nte, Tilman and Schweiger, Christian and Odenthal, Dirk and Baumgarten, G{\"o}tz},
  Journal                  = {Erster Verkehrstechnischer Tag, Braunschweig},
  Year                     = {2004},

  File                     = {:01_Paper\\Buente2004.pdf:PDF}
}

@Article{Back2013,
  Title                    = {Robust Tracking by Reduced-order Disturbance Observer for Nonlinear Systems},
  Author                   = {Juhoon Back and Hyungbo Shim},
  Journal                  = {Automatica},
  Year                     = {2013},

  File                     = {:01_Paper\\Back2013.pdf:PDF},
  Owner                    = {Q291274},
  Timestamp                = {2014.05.16}
}

@Article{Back2009,
  Title                    = {An inner-loop controller guaranteeing robust transient performance for uncertain {MIMO} nonlinear systems},
  Author                   = {Back, Juhoon and Shim, Hyungbo},
  Journal                  = {Automatic Control, IEEE Transactions on},
  Year                     = {2009},
  Number                   = {7},
  Pages                    = {1601--1607},
  Volume                   = {54},

  File                     = {:01_Paper\\Back2009.pdf:PDF},
  Publisher                = {IEEE}
}

@Article{Back2008,
  Title                    = {Adding robustness to nominal output-feedback controllers for uncertain nonlinear systems: A nonlinear version of disturbance observer},
  Author                   = {Back, Juhoon and Shim, Hyungbo},
  Journal                  = {Automatica},
  Year                     = {2008},
  Number                   = {10},
  Pages                    = {2528--2537},
  Volume                   = {44},

  File                     = {:01_Paper\\Back2008.pdf:PDF},
  Publisher                = {Elsevier}
}

@InProceedings{Back2011,
  Title                    = {Robust tracking by reduced-order disturbance observer: Linear case},
  Author                   = {Back, Juhoon and Shim, Hyungbo and Jo, Nam Hoon and Kim, Jung-Su},
  Booktitle                = {Decision and Control and European Control Conference (CDC-ECC), 2011 50\textsuperscript{th} IEEE Conference on},
  Year                     = {2011},
  Organization             = {IEEE},
  Pages                    = {3514--3519},

  File                     = {:01_Paper\\Back2011.pdf:PDF}
}

@InProceedings{Bahram2014,
  Title                    = {Generatives Pr{\"{a}}diktionsmodell zur fr{\"{u}}hzeitigen Spurwechselerkennung},
  Author                   = {Bahram, Mohammad and Lohrer, Artur and Aeberhard, Michael},
  Year                     = {2014},

  File                     = {:01_Paper\\Bahram.pdf:PDF}
}

@InProceedings{Bajcinca2005,
  Title                    = {A novel control structure for dynamic inversion and tracking tasks},
  Author                   = {Bajcinca, N and B{\"u}nte, T},
  Booktitle                = {Proc. of 16\textsuperscript{th} IFAC World Congress, Prague},
  Year                     = {2005},

  Abstract                 = {Inverse Disturbance Observer
Robustheit},
  File                     = {:01_Paper\\Bajcinca2005.pdf:PDF}
}

@Article{Bang2010,
  Title                    = {Robust tracking and vibration suppression for a two-inertia system by combining backstepping approach with disturbance observer},
  Author                   = {Bang, Jae Sung and Shim, Hyungbo and Park, Sang Kyun and Seo, Jin H},
  Journal                  = {IEEE Transactions on Industrial Electronics},
  Year                     = {2010},
  Number                   = {9},
  Pages                    = {3197--3206},
  Volume                   = {57},

  File                     = {:01_Paper\\Bang2010.pdf:PDF},
  Publisher                = {IEEE}
}

@MastersThesis{Beer2011,
  Title                    = {Entwurf und Analyse von Algorithmen f{\"{u}}r die Darstellung der funktionalen Schnittstelle zwischen Fahrzeugf{\"{u}}hrung und Bahnf{\"{u}}hrung im Rahmen des Drei-Ebenen-Modells},
  Author                   = {Martin Beer},
  School                   = {TU München},
  Year                     = {2011},

  File                     = {:06_Abschlussarbeiten\\Beer2011.pdf:PDF},
  Review                   = {FAKULTÄT FÜR INFORMATIK
DER TECHNISCHEN UNIVERSITÄT MÜNCHEN

Masterarbeit in Automotive Software Engineering

Entwurf und Analyse von Algorithmen für die
Darstellung der funktionalen Schnittstelle

zwischen Fahrzeugführung und Bahnführung
im Rahmen des Drei-Ebenen-Modells

Martin Beer

}
}

@Article{Bellman1957,
  Title                    = {Dynamic Programming},
  Author                   = {Bellman, Richard},
  Journal                  = {Princeton University Press},
  Year                     = {1957},

  Abstract                 = {Bellmansches Optimalitätsprinzip}
}

@Article{Bellman1952,
  Title                    = {On the theory of dynamic programming},
  Author                   = {Bellman, Richard},
  Journal                  = {Proceedings of the National Academy of Sciences of the United States of America},
  Year                     = {1952},
  Number                   = {8},
  Pages                    = {716},
  Volume                   = {38},

  Publisher                = {National Academy of Sciences}
}

@InProceedings{Berger2012,
  Title                    = {Autonomous Driving-5 Years after the Urban Challenge: The Anticipatory Vehicle as a Cyber-Physical System.},
  Author                   = {Berger, Christian and Rumpe, Bernhard},
  Booktitle                = {GI-Jahrestagung},
  Year                     = {2012},
  Pages                    = {789--798},

  File                     = {:01_Paper\\Berger2012.pdf:PDF}
}

@InProceedings{BildungundForschung2005,
  Title                    = {Ergebnisbericht INVENT {\quotedblbase}erfahren and -- mobil mit and Sinnen},
  Author                   = {Bundesministerium f{\"{u}}r Bildung und Forschung},
  Year                     = {2005},

  File                     = {:01_Paper\\BildungundForschung2005.pdf:PDF},
  Review                   = {Ergebnisbericht


INVENT erfahren  mobil mit 8 Sinnen


Projektlaufzeit 2001-2005


INVENT-Büro


Hülenbergstr. 10


D-73230 Kirchheim unter Teck


Tel.: +49 (0) 70 21-97 81 81


Fax: +49 (0) 70 21-97 81 82


www.invent-online.de}
}

@InProceedings{BMW,
  Title                    = {BMW Group Fahrerassistenzsysteme. 3EM},
  Author                   = {BMW},

  File                     = {:01_Paper\\BMW.pdf:PDF},
  Review                   = {BMW Group Fahrerassistenzsysteme.

Mehr Komfort, mehr Souveränität, 

mehr Sicherheit.


Stärken bündeln: 

Mensch entscheidet. Elektronik denkt mit.


Fahrerassistenzsysteme sind Funktionen, die den Fahrer in 

der Informationsaufnahme und beim Entscheidungsprozess 

unterstützen, oder ihm unangenehme Fahraufgaben abneh-

men. Durch die gezielte Bereitstellung von Informationen 

wird es zukünftig noch leichter, Entscheidungen schnell 

und richtig zu treffen. Ergebnis: souveränes Handeln, auch 

in komplexen Verkehrssituationen. Dabei steht immer ein 

Ziel im Vordergrund: Mensch und Maschine verknüpfen 

durch eine intelligente Aufgabenteilung ihre Stärken. }
}

@Article{Bock1983,
  Title                    = {A multiple shooting algorithm for direct solution of optimal control problems},
  Author                   = {Bock, Hans Georg and Plitt, Karl-Josef},
  Year                     = {1983},

  File                     = {:01_Paper\\Bock1983.pdf:PDF}
}

@Article{Boros,
  Title                    = {Ein Spurf{\"u}hrungs-Lenkregler in SIMPACK Lane Control Module in SIMPACK},
  Author                   = {Boros, Imre},

  File                     = {:01_Paper\\Boros.pdf:PDF}
}

@Article{Braess2006,
  Title                    = {Technologien zur aktiven Sicherheit von Personenkraftwagen - \glqq Konsumierbare\grqq oder echte Verbesserungen?},
  Author                   = {Braess, HH and Donges, E},
  Journal                  = {Tagung \glqq Aktive Sicherheit durch Fahrerassistenz\grqq, TU M{\"u}nchen, Garching bei M{\"u}nchen},
  Year                     = {2006},
  Number                   = {5},
  Volume                   = {4},

  File                     = {:01_Paper\\Braess2006.pdf:PDF}
}

@Book{Braess2011,
  Title                    = {Vieweg Handbuch Kraftfahrzeugtechnik},
  Author                   = {Braess, Hans-Hermann and Seiffert, Ulrich},
  Publisher                = {Springer},
  Year                     = {2011}
}

@PhdThesis{Brandt2008,
  Title                    = {A predictive potential field concept for shared vehicle guidance},
  Author                   = {Brandt, Thorsten},
  Year                     = {2008},

  File                     = {:00_Dissertationen\\Brandt2008.pdf:PDF}
}

@InProceedings{Brandt2005,
  Title                    = {Path planning for automotive collision avoidance based on elastic bands},
  Author                   = {Brandt, Thorsten and Sattel, Thomas},
  Booktitle                = {Proceedings of the 16\textsuperscript{th} IFAC World Congress},
  Year                     = {2005},

  File                     = {:01_Paper\\Brandt2005.pdf:PDF}
}

@Book{Breuer2006,
  Title                    = {Bremsenhandbuch: Grundlagen, Komponenten, Systeme, Fahrdynamik},
  Author                   = {Breuer, Bert and Bill, Karlheinz H},
  Publisher                = {Vieweg+ teubner Verlag},
  Year                     = {2006}
}

@Book{Bronstein2012,
  Title                    = {Taschenbuch der Mathematik},
  Author                   = {Bronstein, Ilja N and Hromkovic, Juraj and Luderer, Bernd and Schwarz, Hans-Rudolf and Blath, Jochen and Schied, Alexander and Dempe, Stephan and Wanka, Gert and Gottwald, Siegfried and Zeidler, Eberhard and others},
  Publisher                = {Springer-Verlag},
  Year                     = {2012},
  Volume                   = {1}
}

@InProceedings{Bruns2008,
  Title                    = {Autonomes Kreuzungsmanagement fur Kraftfahrzeuge},
  Author                   = {Bruns, Trachtler},
  Year                     = {2008},

  File                     = {:01_Paper\\Bruns2008.pdf:PDF},
  Review                   = {Autonomes Kreuzungsmanagement für Kraftfahrzeuge 


Trajektorienplanung mittels Dynamischer Programmierung 


Dipl.-Wirt.-Ing. Torsten Bruns, Prof. Dr.-Ing. Ansgar Trächtler, 

Universität Paderborn 



Kurzfassung 

In absehbarer Zukunft werden Fahrzeuge in der Lage sein, in bestimmten

Verkehrssituationen autonom und kooperativ zu handeln. Eine derartige Situation kann 

beispielsweise das autonome Überqueren von ampelfreien Kreuzungen sein. Für dieses 

Szenario wird eine Lösungsmethodik vorgestellt, die sowohl für den Einsatz unter 

Echtzeitbedingungen als auch für die Berücksichtigung unterschiedlicher Zielgrößen 

geeignet ist. Der Algorithmus liefert optimale Trajektorien bezüglich dieser Zielgrößen bei 

gleichzeitiger Garantie der Kollisionsfreiheit. 


Abstract 

In the foreseeable future, sensor systems and information processing will reach a 

development status that enables vehicles to act autonomously and in cooperation in certain 

traffic situations. Such a situation may be the autonomous crossing of intersections for which 

a possible solution method will be presented in the following. The method is suitable both for 

use under real-time conditions and for taking into account the most diverse objectives. The 

algorithm yields optimal trajectories with respect to these objectives in real time while 

guaranteeing collision-free operation. 


1. Motivation und Einleitung 

Durch die Kombination von Drive-by-Wire-Technologien mit fahrzeugübergreifender (Car-to-

Car- / Car-to-Infrastructure-) Kommunikation wird eine Vielzahl autonomer Fahrfunktionen 

möglich. Der vorliegende Beitrag behandelt ein Szenario, wo Fahrzeuge autonom eine 

ampelfreie Kreuzung passieren, wodurch sich die Verkehrssicherheit und die Kapazität von 

Kreuzungen wesentlich erhöhen und Wartezeiten der Verkehrsteilnehmer sowie der 

Kraftstoffverbrauch der Fahrzeuge signifikant reduzieren lässt. 

Das autonome Kreuzungsmanagement1 beschäftigt sich mit diesem Szenario. Ursprünglich 

wurde das Kreuzungsmanagement als Anwendungsbeispiel im Sonderforschungsbereich



1 Aktuelle Informationen sind unter www.kreuzungsmanagement.de abrufbar.}
}

@Article{Bruns,
  Title                    = {Kreuzungsmanagement: Trajektorienplanung mittels Dynamischer Programmierung},
  Author                   = {Bruns, Torsten and Tr\"achtler, Ansgar},
  Journal                  = {at - Automatisierungstechnik},
  Number                   = {5},
  Volume                   = {57},

  Doi                      = {10.1524/auto.2009.0771},
  File                     = {:01_Paper\\Bruns.pdf:PDF},
  ISSN                     = {0178-2312},
  Publisher                = {Walter de Gruyter}
}

@Article{Bunte2006,
  Title                    = {Integrierte Fahrwerkregelung mit minimierter Kraftschluss-ausnutzung auf der Basis dynamischer Inversion},
  Author                   = {Bunte, T and Andreasson, J},
  Journal                  = {VDI BERICHTE},
  Year                     = {2006},
  Pages                    = {163},
  Volume                   = {1931},

  File                     = {:01_Paper\\Bunte2006.pdf:PDF},
  Publisher                = {VDI; 1999}
}

@InProceedings{CHAIB2004,
  Title                    = {H$\infty$ , adaptive, {PID} and fuzzy control: A comparison of controllers for vehicle lane keeping},
  Author                   = {CHAIB, Salim and Netto, Mariana S and Mammar, Said},
  Booktitle                = {IEEE intelligent vehicles symposium},
  Year                     = {2004},
  Pages                    = {139--144},

  File                     = {:01_Paper\\CHAIB2004.pdf:PDF}
}

@InProceedings{Changfang2011,
  Title                    = {Asymptotic decoupling control with active front steering and electronic differentials in four wheel steering vehicles},
  Author                   = {Changfang, Chen and Yingmin, Jia and Qinghui, Gao and Fashan, Yu},
  Booktitle                = {Control Conference (CCC), 2011 30\textsuperscript{th} Chinese},
  Year                     = {2011},
  Organization             = {IEEE},
  Pages                    = {111--116},

  File                     = {:01_Paper\\Changfang2011.pdf:PDF}
}

@Article{Chatzikomis2009,
  Title                    = {A path-following driver model with longitudinal and lateral control of vehicle{\textquoteright}s motion},
  Author                   = {Chatzikomis, CI and Spentzas, KN},
  Journal                  = {Forschung im Ingenieurwesen},
  Year                     = {2009},
  Number                   = {4},
  Pages                    = {257--266},
  Volume                   = {73},

  File                     = {:01_Paper\\Chatzikomis2009.pdf:PDF},
  Publisher                = {Springer}
}

@Article{Chen2012,
  Title                    = {Non-linear decoupling control of vehicle plane motion},
  Author                   = {Chen, C and Jia, Y and Du, J and Zhang, J},
  Journal                  = {IET Control Theory \& Applications},
  Year                     = {2012},
  Number                   = {13},
  Pages                    = {2083--2094},
  Volume                   = {6},

  File                     = {:01_Paper\\Chen2012.pdf:PDF},
  Publisher                = {IET}
}

@InProceedings{Chen1999,
  Title                    = {Experimental study of dynamic look-ahead scheme for vehicle steering control},
  Author                   = {Chen, Chieh and Tan, Han-Shue},
  Booktitle                = {American Control Conference, 1999. Proceedings of the 1999},
  Year                     = {1999},
  Organization             = {IEEE},
  Pages                    = {3163--3167},
  Volume                   = {5},

  File                     = {:01_Paper\\Chen1999.pdf:PDF}
}

@Article{Chen2004,
  Title                    = {Fractional order disturbance observer for robust vibration suppression},
  Author                   = {Chen, Yangquan and Vinagre, Blas M and Podlubny, Igor},
  Journal                  = {Nonlinear Dynamics},
  Year                     = {2004},
  Number                   = {1-4},
  Pages                    = {355--367},
  Volume                   = {38},

  Abstract                 = {DOB Anwendung},
  File                     = {:01_Paper\\Chen2004.pdf:PDF},
  Publisher                = {Springer}
}

@InProceedings{CONTROL2003,
  Title                    = {A Path From Antiwindup to Override Control},
  Author                   = {CONTROL },
  Year                     = {2003},

  Abstract                 = {Antiwindup is an established method to handle input constraints using

nonlinear feedback. Override control is an intuitive technique from practice for

handling output constraints, based on nonlinear feedback and Min-Max-selectors.

In this paper the links between antiwindup and override are investigated. It is

shown step-by-step how the practical override structure can be developed from

the basic antiwindup structures. This is done for both control conditioning and

reference conditioning. Results from nonlinear stability analysis and tracking

properties are given. An example is worked through for illustration.},
  File                     = {:01_Paper\\CONTROL2003.pdf:PDF},
  Keywords                 = {Input and Output Constraint Control, Nonlinear Stability Analysis},
  Review                   = {A PATH FROM ANTIWINDUP TO OVERRIDE


CONTROL


Adolf Hermann Glattfelder, Walter Schaufelberger


Automatic Control Lab, ETH Zu¨rich, Switzerland,


glatt@control.ee.ethz.ch, ws@control.ee.ethz.ch


Abstract: Antiwindup is an established method to handle input constraints using

nonlinear feedback. Override control is an intuitive technique from practice for

handling output constraints, based on nonlinear feedback and Min-Max-selectors.

In this paper the links between antiwindup and override are investigated. It is

shown step-by-step how the practical override structure can be developed from

the basic antiwindup structures. This is done for both control conditioning and

reference conditioning. Results from nonlinear stability analysis and tracking

properties are given. An example is worked through for illustration.


Keywords: Input and Output Constraint Control, Nonlinear Stability Analysis


1. INTRODUCTION nected to the awf case. The structure is extended

for higher order systems, and is connected in a


Antiwindup is a well established nonlinear feed- continuous way to the nonlinear additive version

back method for designing control systems with of (Glattfelder and Schaufelberger, 2003), and

input constraints such as actuator saturation, thus to the usual selectors-arrangement. This is

see e.g. (Kapila and Grigoriadis, 2002). Override done for the two most prominent awf versions: for

control is a similar intuitive nonlinear feedback control conditioning, and for reference condition-

method to handle output constraints, (Glattfelder ing, (Hanus et al., 1987). An example is given for

and Schaufelberger, 1988). Although it has been illustration.

in industrial use for many decades, not much re-

search results are available.

It has been shown earlier that the standard anti


2. THE BASIC AWF STRUCTURE

windup feedback (awf) structure can be derived as

a special case of the usual override structure with


The basic awf structure Figure 1 consists of a PI-

selectors, (Glattfelder and Schaufelberger, 1988).


controller in serial form , where the awf u2 acts

Here the standard override control structure is de-


on u1, conditioning it into u (that is using therived in a systematic way from the basic awf struc-

control conditioning approach).


ture. In (Glattfelder and Schaufelberger, 2003),

several structures from design practice have been


k12 +


investigated, one of them being the deadspan -

r1


feedback arrangement. There it has been elimi- u2

+ + uhi y1nated early, because simulations have shown poor R '1 I G1


u1 + u v_lin ulo- v

tracking behavior along the constraints.

Here however, this deadspan feedback structure

is investigated further. Its properties regarding

stability and tracking are presented, and con- Figure 1. The awf structure (control conditioning)}
}

@InCollection{Dang2012,
  Title                    = {Steering and evasion assist},
  Author                   = {Dang, Thao and Desens, Jens and Franke, Uwe and Gavrila, Dariu and Sch{\"a}fers, Lorenz and Ziegler, Walter},
  Booktitle                = {Handbook of Intelligent Vehicles},
  Publisher                = {Springer},
  Year                     = {2012},
  Pages                    = {759--782},

  File                     = {:01_Paper\\Dang2012.pdf:PDF}
}

@Misc{daniel2014reibwertschaetzung,
  Title                    = {Reibwertsch{\"{a}}tzung aus Kamera- und Raddrehzahldaten},

  Author                   = {Daniel, F. and Andreas, K. and Stefan, S.},
  Month                    = jun # {~26},
  Note                     = {DE Patent App. DE201,210,112,725},
  Year                     = {2014},

  Publisher                = {Google Patents}
}

@PhdThesis{Daniel2010,
  Title                    = {Trajectory generation and data fusion for control-oriented advanced driver assistance systems},
  Author                   = {Daniel, J{\'e}r{\'e}mie},
  School                   = {Universit{\'e} de Haute Alsace-Mulhouse},
  Year                     = {2010},

  Abstract                 = {Nur {\"{u}}berflogen.
Trajketorienplanung mit Splines. Viele Nebenbedingungen aus Verhaltensebene werden ber{\"{u}}cksichtigt (Geschwindigkeitslimit etc.)},
  File                     = {:00_Dissertationen\\Daniel2010.pdf:PDF}
}

@Conference{DAS2015,
  Title                    = {10. Workshop Fahrerassistenzsysteme},
  Author                   = {Uni DAS},
  Year                     = {2015},

  File                     = {:05_Tagungsbände\\DAS2015.pdf:PDF},
  Owner                    = {Q291274},
  Timestamp                = {2014.04.20}
}

@Conference{DAS2014,
  Title                    = {9. Workshop Fahrerassistenzsysteme},
  Author                   = {Uni DAS},
  Year                     = {2014},

  File                     = {:05_Tagungsbände\\DAS2014.pdf:PDF},
  Owner                    = {Q291274},
  Timestamp                = {2014.04.20}
}

@Book{Deutscher2012,
  Title                    = {Zustandsbeschreibung linearer verteilt-parametrischer Systeme},
  Author                   = {Deutscher, Joachim and Deutscher, Joachim},
  Publisher                = {Springer},
  Year                     = {2012},

  File                     = {:02_Bücher\\Deutscher2012.pdf:PDF},
  Journal                  = {Zustandsregelung verteilt-parametrischer Systeme},
  Pages                    = {9--65}
}

@Article{Donges1982,
  Title                    = {Aspekte der aktiven Sicherheit bei der F{\"u}hrung von Personenkraftwagen},
  Author                   = {Donges, Edmund},
  Journal                  = {Automobil-Industrie},
  Year                     = {1982},
  Number                   = {2},
  Volume                   = {27},

  File                     = {:01_Paper\\Donges1982.pdf:PDF}
}

@InProceedings{Double4577,
  Title                    = {An Investigation on Driver Trajectory Planning Behaviors based},
  Author                   = {on Double and Lane Change and Vehicle Test and Data },
  Booktitle                = {201 1 14\textsuperscript{th} International IEEE Conference on Int elligent Transportation Systems Washington, DC, USA. October 5-7, 2011},
  Year                     = {4577},
  Publisher                = {IEEE},

  Abstract                 = {Driver trajectory planning has been a key applications. For example, the desired trajectory for driver},
  File                     = {:01_Paper\\Double4577.pdf:PDF},
  Review                   = {201 1 14th International IEEE Conference on

Int elligent Transportation Systems

Washington, DC, USA. October 5-7, 2011


An Investigation on Driver Trajectory Planning Behaviors based 


on Double Lane Change Vehicle Test Data 


Jihua Huang, Han-Shue Tan, Fanping Bu, and Shih-Ken Chen 


? planning in a similar fashion as that for vehicle control 


AbstractDriver trajectory planning has been a key applications. For example, the desired trajectory for driver 


component in analyzing and simulating drivers maneuvers. models is often regarded as an optimized path for the total 

This paper investigates drivers trajectory planning behavior course or towards an optimization horizon at some 

based on vehicle test data of double lane change (DLC) previewed seconds in advance ([7-9]). 

maneuvers. Several hypotheses on drivers trajectory planning As a result, few literatures examine the validity of the 

for the DLC maneuver are proposed and evaluated. Closed-


assumed drivers trajectory planning against driving data. In 

loop simulations with look-ahead steering controllers 


fact, planning a trajectory as what a common driver models 

consistently demonstrate that by simply fitting a trajectory to 


the actual trajectory and optimizing the control parameters of do seems unnatural to human in at least two ways. First, 


the look-ahead controller fail to capture drivers steering most trajectory planning methodologies are designed under a 


behaviors. Based on the vehicle test data, the paper further global inertial frame. This is unnatural from a drivers 


hypothesizes that drivers use specific target points as references perspective since what a driver perceives is mostly relative 

for control. Both open-loop analysis and closed-loop to him and the vehicle. Secondly, most existing literatures 

simulations indicate that, instead of planning and following a suggest that the trajectory planning and the lower level 

desired trajectory, drivers use moving targets along the lane to steering or speed control are two independent modules 

be changed to as control references during the DLC maneuver. 


working in sequence. However, most drivers have anecdotes 


of experiences where no clear desired trajectory is used 

I. INTRODUCTION 


while executing maneuvers such as lane change. Since 

 trajectory planning is a building block in driver models, 


Tr ajectory planning has been considered as a key understanding and verifying drivers trajectory planning component in various vehicle control applications [1-3]. behavior are critical in modeling drivers control behavior. 

It provides a desired trajectory as reference for the lower Hence, this paper examines drivers trajectory planning 

level steering and speed control. The desired trajectory is 1behavior using vehicle test data of DLC maneuvers . Several 

either given as prior information (e.g. lane center line for hypotheses on drivers trajectory planning for the DLC are 

lane keeping maneuvers) or generated based on the task proposed, including single smooth trajectories for the whole 

planning, environmental conditions (i.e., road geometry and DLC course and multi-segment trajectories. Generic look-

traffic), as well as vehicle states and constraints. ahead steering controllers are used to evaluate these 

 Various techniques have been used to generate the desired hypotheses. Vehicle data is used to identify controller 

trajectory. In [1, 2], the desired trajectory is generated by parameters and closed-loop simulations with the planned 

simply connecting all the waypoints with smooth curves trajectory and the identified control parameters are used to 

such as splines. In [3-5], the desired trajectory is optimized evaluate those hypotheses on the trajectory planning. 

with respect to different criterions such as time, vehicle The closed-loop simulations demonstrate that the above 

actuation and ride comfort within certain constraints. hypotheses are difficult to create steering angles that capture 


Trajectory planning is also commonly assumed in driver the non-linear, higher-frequency content in the actual 

models [6]; most studies in literature treat such trajectory steering rate from the vehicle test data. The results also 


 suggest that fitting a trajectory to the actual trajectory and 


Jihua Huang is with California PATH, University of California at optimizing the controller parameters fail to capture drivers 


Berkeley, Richmond, CA 94804 (phone: 510-665-3587; fax: 510-665-3537; steering behaviors. 

email: jhuang@path.berkeley.edu). Based on vehicle tests, the paper further proposes that, 


Han-Shue Tan is with California PATH, University of California at

instead of planning and following a desired trajectory, 


Berkeley, Richmond, CA 94804 (email: hstan@path.berkeley.edu). 


Fanping Bu is with California PATH, University of California at drivers seem to use specific target points as references for 


Berkeley, Richmond, CA 94804, (e-mail: fanping@path.berkeley.edu).


Shih-Ken Chen is with General Motors Global R&D, Warren, MI 48092 1 The standard DLC maneuver is chosen since it induces drivers 


(email: shih-ken.chen@gm.com). trajectory planning and it provides data with rich and distinct characteristics 


 due to its demanding nature (typically 2 consecutive lane changes in 4-6s). 


978-1-4577-2197-7/11/$26.00 ©2011 IEEE 1231}
}

@Book{Doyle2013,
  Title                    = {Feedback control theory},
  Author                   = {Doyle, John C and Francis, Bruce A and Tannenbaum, Allen R},
  Publisher                = {Courier Dover Publications},
  Year                     = {2013},

  File                     = {:02_Bücher\\Doyle2013.pdf:PDF}
}

@PhdThesis{Droogendijk2010,
  Title                    = {A new neuromuscular driver model for steering system development},
  Author                   = {Droogendijk, Cas and EGM, EGM Holweg and Happee, R and DA, DA Abbink},
  School                   = {TU Delft Mechanical, Maritime and Materials Engineering},
  Year                     = {2010},

  File                     = {:06_Abschlussarbeiten\\Droogendijk2010.pdf:PDF}
}

@Book{Dullerud2000,
  Title                    = {A course in robust control theory},
  Author                   = {Dullerud, Geir E and Paganini, Fernando},
  Publisher                = {Springer New York},
  Year                     = {2000},
  Volume                   = {6},

  File                     = {:02_Bücher\\Dullerud2000.pdf:PDF}
}

@PhdThesis{Effertz2009,
  Title                    = {Autonome Fahrzeugf{\"u}hrung in urbaner Umgebung durch Kombination objekt-und kartenbasierter Umfeldmodelle},
  Author                   = {Effertz, Jan},
  Year                     = {2009},

  File                     = {:00_Dissertationen\\Effertz2009.pdf:PDF}
}

@PhdThesis{Eigel2010,
  Title                    = {Integrierte L{\"a}ngs-und Querf{\"u}hrung von Personenkraftwagen mittels Sliding-Mode-Regelung},
  Author                   = {Eigel, Thomas},
  Year                     = {2010},

  File                     = {:00_Dissertationen\\Eigel2010.pdf:PDF},
  Publisher                = {Logos-Verlag}
}

@PhdThesis{Einsle2011,
  Title                    = {Analyse und Modellierung des Reifen{\"{u}}bertragungsverhaltens bei transienten und extremen Fahrman{\"{o}}vern},
  Author                   = {Einsle, Stefan},
  School                   = {Dresden, Technische Universität Dresden, Diss., 2010},
  Year                     = {2011},

  File                     = {:00_Dissertationen\\Einsle2011.pdf:PDF}
}

@PhdThesis{Enache2008,
  Title                    = {Assistance pr{\'e}ventive {\`a} la sortie de voie},
  Author                   = {Enache, Nicoleta Minoiu},
  School                   = {Universit{\'e} d'Evry-Val d'Essonne},
  Year                     = {2008},

  File                     = {:00_Dissertationen\\Enache2008.pdf:PDF}
}

@InProceedings{Enache2012,
  Title                    = {Lane keeping and lane departure avoidance by rear wheels steering},
  Author                   = {Enache, Nicoleta Minoiu and Guegan, Stephane and Desnoyer, Fran{\c{c}}ois and Vorobieva, H{\'e}l{\`e}ne},
  Booktitle                = {Intelligent Vehicles Symposium (IV), 2012 IEEE},
  Year                     = {2012},
  Organization             = {IEEE},
  Pages                    = {359--364},

  File                     = {:01_Paper\\Enache2012.pdf:PDF}
}

@Article{Enke1966,
  Title                    = {{\"U}berlegungen zum Zusammenwirken von Fahrzeuglenker und Automobil},
  Author                   = {Enke, Kurt},
  Journal                  = {Automobil-Industrie},
  Year                     = {1966},
  Pages                    = {37--44},
  Volume                   = {1}
}

@Article{Eom2001,
  Title                    = {Disturbance observer based path tracking control of robot manipulator considering torque saturation},
  Author                   = {Eom, Kwang Sik and Suh, Il Hong and Chung, Wan Kyun},
  Journal                  = {Mechatronics},
  Year                     = {2001},
  Number                   = {3},
  Pages                    = {325--343},
  Volume                   = {11},

  File                     = {:01_Paper\\Eom2001.pdf:PDF},
  Publisher                = {Elsevier}
}

@Book{Eskandarian2012,
  Title                    = {Handbook of intelligent vehicles},
  Author                   = {Eskandarian, Azim},
  Publisher                = {Springer},
  Year                     = {2012},

  Abstract                 = {Stand der Technik Wettbewerber.
Interessanter Beitrag von Mercedes zu AWA.
Sch{\"{o}}ne {\"{U}}bersicht {\"{u}}ber ACC und Aktuatorik.},
  File                     = {:02_Bücher\\Eskandarian2012.pdf:PDF}
}

@Book{Foellinger1994,
  Title                    = {Optimale Regelung und Steuerung},
  Author                   = {F{\"o}llinger, Otto and Roppenecker, G},
  Year                     = {1994},

  File                     = {:02_Bücher\\Foellinger1994.pdf:PDF},
  Journal                  = {Oldenbourg}
}

@Book{Fiala1968,
  Title                    = {Untersuchung des Systems Fahrzeug - Fahrer bei einer Lenkung mit Zeitvorhalt},
  Author                   = {Fiala, E. and Wallner, F.},
  Year                     = {1968},
  Series                   = {Forschungsbericht // Institut f{\"u}r Kraftfahrzeuge. Technische Universit{\"a}t Berlin}
}

@Article{Fliess1995,
  Title                    = {Flatness and defect of non-linear systems: introductory theory and examples},
  Author                   = {Fliess, Michel and L{\'e}vine, Jean and Martin, Philippe and Rouchon, Pierre},
  Journal                  = {International journal of control},
  Year                     = {1995},
  Number                   = {6},
  Pages                    = {1327--1361},
  Volume                   = {61},

  File                     = {:01_Paper\\Fliess1995.pdf:PDF},
  Publisher                = {Taylor \& Francis}
}

@Misc{FORSCHUNGSGESELLSCHAFT2008,
  Title                    = {Richtlinie f{\"u}r die Anlage von Autobahnen (RAA)},

  Author                   = {{Forschungsgesellschaft f\"ur Stra{\ss} en- und Verkehrswesen}},
  Year                     = {2008},

  Publisher                = {Ausgabe}
}

@Article{Fraichard2004,
  Title                    = {From {Reed}s and Shepp's to continuous-curvature paths},
  Author                   = {Fraichard, Thierry and Scheuer, Alexis},
  Journal                  = {Robotics, IEEE Transactions on},
  Year                     = {2004},
  Number                   = {6},
  Pages                    = {1025--1035},
  Volume                   = {20},

  File                     = {:01_Paper\\Fraichard2004.pdf:PDF},
  Publisher                = {IEEE}
}

@Article{Frazer1929,
  Title                    = {On the criteria for the stability of small motions},
  Author                   = {Frazer, RA and Duncan, WJ},
  Journal                  = {Proceedings of the Royal Society of London. Series A},
  Year                     = {1929},
  Number                   = {795},
  Pages                    = {642--654},
  Volume                   = {124},

  Abstract                 = {Grenzüberschreitungssatz},
  Publisher                = {The Royal Society}
}

@InProceedings{Frese2011,
  Title                    = {Kollisionsvermeidung durch kooperative fahrman{\"{o}}ver},
  Author                   = {Frese, Christian},
  Year                     = {2011},

  File                     = {:01_Paper\\Frese2011.pdf:PDF},
  Review                   = {forsChung auTOnOmES FahrEn


KOllISIOnSVErmEIDunG 

Durch KOOpEraTIVE FahrmanöVEr

Die Vision vom unfallfreien Fahren muss auch die Interaktion 

 mehrerer Fahrzeuge zur gleichen Zeit beinhalten und bei Gefahr 

automatisch die beste Option zu ihrer Entschärfung ermitteln und 

ausführen. Wissenschaftler am Karlsruher Institut für Technologie

und am Fraunhofer-Institut IOSB versuchen dieser Vision näher-

zukommen.


ür

 wIs


sEnschaFtlIchE bEIt

l F r


pEEr rEVIEw

EIngEgangEn 13.05.2011

gEprüFt 12.07.2011

angEnommEn 21.07.2011auTOrEn


 aus Forschung und In

dus


tr

IE


Dipl.-inform. 

 Christian frese 


ist Wissenschaftlicher 

mitarbeiter am lehrstuhl 

für Interaktive Echtzeit-

systeme des Karlsruher 


Instituts für Technologie.


prof. Dr.-ing. 

 Jürgen Beyerer 


leitet das Fraunhofer- 

Institut für Optronik, 

 Systemtechnik und 


 Bildauswertung (IOSB) 

und ist gleichzeitig 


 Inhaber des lehrstuhls 

für Interaktive Echtzeit-

systeme an der Fakultät 


für Informatik des 

 Karlsruher Instituts für 


Technologie.


70


d a s gütEsIEgE


 bEgu ta c h t E t |


äg

E I


n d

Er at Z


| V o n E

x p E


rt

En}
}

@Article{freudenberg1985right,
  Title                    = {Right half plane poles and zeros and design trade-offs in feedback systems},
  Author                   = {Freudenberg, James S and Looze, Douglas P},
  Journal                  = {IEEE Transactions on Automatic Control},
  Year                     = {1985},
  Number                   = {6},
  Pages                    = {555--565},
  Volume                   = {30},

  Publisher                = {Institute of Electrical and Electronics Engineers}
}

@PhdThesis{Fuchshumer2005,
  Title                    = {Algebraic linear identification, modelling, and applications of flatness-based control},
  Author                   = {Fuchshumer, Stefan},
  Year                     = {2005},

  File                     = {:00_Dissertationen\\Fuchshumer2005.pdf:PDF},
  Publisher                = {na}
}

@Article{Guevenc2010,
  Title                    = {Robust {MIMO} disturbance observer analysis and design with application to active car steering},
  Author                   = {G{\"u}ven{\c{c}}, Bilin Aksun and G{\"u}ven{\c{c}}, Levent and Karaman, Serta{\c{c}}},
  Journal                  = {International Journal of Robust and Nonlinear Control},
  Year                     = {2010},
  Number                   = {8},
  Pages                    = {873--891},
  Volume                   = {20},

  File                     = {:01_Paper\\Guevenc2010.pdf:PDF},
  Publisher                = {Wiley Online Library}
}

@MastersThesis{Galler2012,
  Title                    = {Modellbasierte Regelung zur integrierten Kollisionsvermeidung},
  Author                   = {Galler, Stefan},
  School                   = {Technische Universität München},
  Year                     = {2012},

  File                     = {:06_Abschlussarbeiten\\Galler2012.pdf:PDF},
  Owner                    = {Q291274},
  Timestamp                = {2015.03.30}
}

@InProceedings{Gao2012,
  Title                    = {Spatial predictive control for agile semi-autonomous ground vehicles},
  Author                   = {Gao, Yiqi and Gray, Andrew and Frasch, Janick V and Lin, Theresa and Tseng, Eric and Hedrick, J Karl and Borrelli, Francesco},
  Booktitle                = {Proceedings of the 11th International Symposium on Advanced Vehicle Control},
  Year                     = {2012},

  File                     = {:01_Paper\\Gao2012.pdf:PDF}
}

@Article{Gasser2012,
  Title                    = {Rechtsfolgen zunehmender Fahrzeugautomatisierung},
  Author                   = {Gasser, Tom M and Arzt, Clemens and Ayoubi, Mihiar and Bartels, Arne and B{\"u}rkle, L and Eier, J and Flemisch, F and H{\"a}cker, D and Hesse, T and Huber, W and others},
  Journal                  = {Berichte der Bundesanstalt f\"ur Stra{\ss}enwesen. Unterreihe Fahrzeugtechnik},
  Year                     = {2012},
  Number                   = {83},

  File                     = {:01_Paper\\Gasser2012.pdf:PDF}
}

@InProceedings{Gehrig1998,
  Title                    = {A trajectory-based approach for the lateral control of car following systems},
  Author                   = {Gehrig, Stefan K and Stein, Fridtjof J},
  Booktitle                = {Systems, Man, and Cybernetics, 1998. 1998 IEEE International Conference on},
  Year                     = {1998},
  Organization             = {IEEE},
  Pages                    = {3596--3601},
  Volume                   = {4},

  File                     = {:01_Paper\\Gehrig1998.pdf:PDF}
}

@PhdThesis{Gehring2000,
  Title                    = {Automatische L{\"a}ngs-und Querf{\"u}hrung einer Lastkraftwagenkolonne},
  Author                   = {Gehring, Ottmar},
  Year                     = {2000},

  File                     = {:00_Dissertationen\\Gehring2000.pdf:PDF}
}

@InProceedings{Geiger2012,
  Title                    = {Are we ready for autonomous driving? The KITTI vision benchmark suite},
  Author                   = {Geiger, Andreas and Lenz, Philip and Urtasun, Raquel},
  Booktitle                = {Computer Vision and Pattern Recognition (CVPR), 2012 IEEE Conference on},
  Year                     = {2012},
  Organization             = {IEEE},
  Pages                    = {3354--3361},

  File                     = {:01_Paper\\Geiger2012.pdf:PDF}
}

@PhdThesis{Germann1997,
  Title                    = {Modellbildung und modellgest{\"u}tzte {R}egelung der {F}ahrzeugl{\"a}ngsdynamik},
  Author                   = {Germann, S.},
  Year                     = {1997},

  File                     = {:00_Dissertationen\\Germann1997.pdf:PDF},
  ISBN                     = {9783183309122},
  Publisher                = {VDI-Verlag},
  Series                   = {Fortschritt-Berichte VDI. Reihe 12. Verkehrstechnik/Fahrzeugtechnik}
}

@InProceedings{Germann1995,
  Title                    = {Nonlinear distance and cruise control for passenger cars},
  Author                   = {Germann, S and Isermann, R},
  Booktitle                = {Proceedings of the American Control Conference},
  Year                     = {1995},
  Organization             = {IEEE},
  Pages                    = {3081--3085},
  Volume                   = {5},

  File                     = {:01_Paper\\Germann1995.pdf:PDF}
}

@Article{Ghoshal2010,
  Title                    = {Anti-windup schemes for proportional integral and proportional resonant controller},
  Author                   = {Ghoshal, Anirban and John, Vinod},
  Year                     = {2010},

  File                     = {:01_Paper\\Ghoshal2010.pdf:PDF}
}

@Article{Glaser2010,
  Title                    = {Maneuver-based trajectory planning for highly autonomous vehicles on real road with traffic and driver interaction},
  Author                   = {Glaser, Sebastien and Vanholme, Benoit and Mammar, Sa{\"\i}d and Gruyer, Dominique and Nouveliere, Lydie},
  Journal                  = {Intelligent Transportation Systems, IEEE Transactions on},
  Year                     = {2010},
  Number                   = {3},
  Pages                    = {589--606},
  Volume                   = {11},

  File                     = {:01_Paper\\Glaser2010.pdf:PDF},
  Publisher                = {IEEE}
}

@Electronic{GOOGLE2016,
  Title                    = {Google Self-Driving Car Project},
  Author                   = {Google},
  Month                    = jan,
  Url                      = {www.google.com/selfdrivingcar},
  Year                     = {2016},

  Owner                    = {Q366435},
  Timestamp                = {2016.01.07}
}

@Book{Gruene2009,
  Title                    = {Vorausschauend Planen, Gezielt Handeln---{\"U}ber Die Regelung Und Steuerung Technischer Prozesse},
  Author                   = {Gr{\"u}ne, Lars and Sager, Sebastian and Diehl, Moritz and others},
  Publisher                = {Springer},
  Year                     = {2009},

  Abstract                 = {gute Übersicht über MPC},
  File                     = {:01_Paper\\Gruene2009.pdf:PDF}
}

@PhdThesis{Groll2006,
  Title                    = {Modifizierung von Nutz-und St{\"o}rinformationen am Lenkrad durch elektromechanische Lenksysteme},
  Author                   = {von Groll, Max},
  Year                     = {2006},

  File                     = {:00_Dissertationen\\Groll2006.pdf:PDF},
  Number                   = {630}
}

@InProceedings{Grote,
  Title                    = {Auf dem Weg zum hochautomatisierten Fahren},
  Author                   = {Grote, Christoph
Rau, Richard},

  File                     = {:01_Paper\\Grote.pdf:PDF},
  Review                   = { Auf dem Weg zum hochautomatisierten Fahren. 

(On the way to highly automated driving.) 


Technische und gesellschaftliche Faktoren zur globalen Einführung

hochautomatisierter Fahrfunktionen ab 2020. 

(Technical and social factors for a global rollout of highly 

automated driving functions from 2020 and thereafter.) 


Dr. Christoph Grote, BMW Forschung und Technik GmbH, München; 

Dr. Richard Rau, BMW AG, München; 



Kurzfassung 


Für die BMW Group ist das hochautomatisierte Fahren ein wesentlicher Meilenstein der 


Entwicklungsstrategie ConnectedDrive. Hochautomatisierte Fahrfunktionen werden einen 


bedeutenden Beitrag dazu leisten, der unfallfreien Mobilität ein Stück näher zu kommen. 


Gleichzeitig sind ein maßgeblicher Komfortgewinn sowie eine verbesserte Effizienz zu 


erwarten. 




Um einen nächsten konsequenten Schritt in Richtung der globalen Einführung


hochautomatisierter Fahrfunktionen ab 2020 zu gehen, müssen zunächst die technischen 


Komponenten, Systeme und Architekturen entwickelt und validiert werden.





Die entscheidende Grundlage für alle Automatisierungsfunktionen ist dabei eine nahezu 


vollständige Umfelderfassung und interpretation. Die damit verbundenen steigenden 


funktionalen Anforderungen verlangen eine neue Betrachtungsweise des Sensorverbundes 


in modernen Premiumautomobilen. Im Hinblick auf einen serientauglichen Sensorverbund 


sind die revolutionären Anforderungen eines hochautomatisierten Fahrens mit den 


bestehenden (z. B. aus der Bordnetzarchitektur oder der Rückwärtskompatibilität) sowie 


zukünftigen Paketierungs- und Baukastenkonzepten zu harmonisieren. Ebenso ist eine 


neuartige Ausprägung des Umfeldmodells als Abstraktionsebene zwischen Sensorik und 


Funktion und die Anforderung an eine durchgängige, nachvollziehbare und testbare 


Wirkkette von einzelnen Sensoren bis zu den einzelnen Teilfunktionen zu entwickeln. 




Um mit Behörden und Politik die erforderlichen Rahmenbedingungen für eine Einführung 


hochautomatisierter Fahrfunktionen zu gestalten, sind Felduntersuchungen und }
}

@InCollection{Gu2012,
  Title                    = {On-road motion planning for autonomous vehicles},
  Author                   = {Gu, Tianyu and Dolan, John M},
  Booktitle                = {Intelligent Robotics and Applications},
  Publisher                = {Springer},
  Year                     = {2012},
  Pages                    = {588--597},

  File                     = {:01_Paper\\Gu2012.pdf:PDF}
}

@InProceedings{Gu2013,
  Title                    = {Focused Trajectory Planning for autonomous on-road driving},
  Author                   = {Gu, Tianyu and Snider, Jarrod and Dolan, John M and Lee, Jin-woo},
  Booktitle                = {Intelligent Vehicles Symposium (IV), 2013 IEEE},
  Year                     = {2013},
  Organization             = {IEEE},
  Pages                    = {547--552},

  File                     = {:01_Paper\\Gu2013.pdf:PDF}
}

@Article{Guldner1996,
  Title                    = {Analysis of automatic steering control for highway vehicles with look-down lateral reference systems},
  Author                   = {Guldner, J{\"u}rgen and Tan, Han-Shue and Patwardhan, Satyajit},
  Journal                  = {Vehicle System Dynamics},
  Year                     = {1996},
  Number                   = {4},
  Pages                    = {243--269},
  Volume                   = {26},

  File                     = {:01_Paper\\Guldner1996.pdf:PDF},
  Publisher                = {Taylor \& Francis}
}

@InProceedings{Gutjahr2015,
  Title                    = {Optimale Fahrzeugquerf{\"u}hrung mittels linearer, zeitvarianter {MPC}},
  Author                   = {Gutjahr, Benjamin and Werling, Moritz},
  Booktitle                = {Workshop Fahrerassistenzsysteme},
  Year                     = {2015},

  File                     = {:01_Paper\\Gutjahr2015.pdf:PDF}
}

@Article{Gutjahr2014,
  Title                    = {Automatic Collision Avoidance during Parking and Maneuvering-an Optimal Control Approach},
  Author                   = {Gutjahr, Benjamin and Werling, Moritz},
  Year                     = {2014},

  File                     = {:01_Paper\\Gutjahr2014.pdf:PDF}
}

@Article{Guvenc2004,
  Title                    = {Robust two degree-of-freedom vehicle steering controller design},
  Author                   = {Guvenc, Bilin Aksun and Bunte, Tilman and Odenthal, Dirk and Guvenc, Levent},
  Journal                  = {Control Systems Technology, IEEE Transactions on},
  Year                     = {2004},
  Number                   = {4},
  Pages                    = {627--636},
  Volume                   = {12},

  File                     = {:01_Paper\\Guvenc2004.pdf:PDF},
  Publisher                = {IEEE}
}

@Article{Hart1968,
  Title                    = {A formal basis for the heuristic determination of minimum cost paths},
  Author                   = {Hart, Peter E and Nilsson, Nils J and Raphael, Bertram},
  Journal                  = {IEEE Transactions on Systems Science and Cybernetics},
  Year                     = {1968},
  Number                   = {2},
  Pages                    = {100--107},
  Volume                   = {4},

  Publisher                = {IEEE}
}

@Article{Hattori2006,
  Title                    = {Optimum vehicle trajectory control for obstacle avoidance problem},
  Author                   = {Hattori, Yoshikazu and Ono, Eiichi and Hosoe, Shigeyuki},
  Journal                  = {Mechatronics, IEEE/ASME Transactions on},
  Year                     = {2006},
  Number                   = {5},
  Pages                    = {507--512},
  Volume                   = {11},

  File                     = {:01_Paper\\Hattori2006.pdf:PDF},
  Owner                    = {Q291274},
  Timestamp                = {2014.04.20}
}

@InProceedings{Hayakawa2003,
  Title                    = {Driver oriented path following in ITS: wide speed-range steering control by multiple look-ahead distances},
  Author                   = {Hayakawa, Yasuhisa and White, Ryan and Kimura, Takeshi and Naitou, G},
  Booktitle                = {Advanced Intelligent Mechatronics, 2003. AIM 2003. Proceedings. 2003 IEEE/ASME International Conference on},
  Year                     = {2003},
  Organization             = {IEEE},
  Pages                    = {558--563},
  Volume                   = {1},

  File                     = {:01_Paper\\Hayakawa2003.pdf:PDF}
}

@Book{Heising2013,
  Title                    = {Fahrwerkhandbuch: Grundlagen{\textperiodcentered} Fahrdynamik{\textperiodcentered} Komponenten{\textperiodcentered} Systeme{\textperiodcentered} Mechatronik{\textperiodcentered} Perspektiven},
  Author                   = {Hei{\ss}ing, Bernd and Ersoy, Metin and Gies, Stefan},
  Publisher                = {Springer DE},
  Year                     = {2013},

  File                     = {:02_Bücher\\Heising2013.pdf:PDF}
}

@InProceedings{Hes2013,
  Title                    = {Comparison of trajectory tracking controllers for emergency situations},
  Author                   = {Hes, Daniel and Althoff, Matthias and Sattel, Thomas},
  Booktitle                = {Intelligent Vehicles Symposium (IV), 2013 IEEE},
  Year                     = {2013},
  Organization             = {IEEE},
  Pages                    = {163--170},

  File                     = {:01_Paper\\Hes2013.pdf:PDF}
}

@InProceedings{Hess1989,
  Title                    = {A preview control model of driver steering behavior},
  Author                   = {Hess, Ronald A and Modjtahedzadeh, A},
  Booktitle                = {Systems, Man and Cybernetics, 1989. Conference Proceedings., IEEE International Conference on},
  Year                     = {1989},
  Organization             = {IEEE},
  Pages                    = {504--509},

  File                     = {:01_Paper\\Hess1989.pdf:PDF}
}

@Article{Hess1990,
  Title                    = {A control theoretic model of driver steering behavior},
  Author                   = {Hess, RA and Modjtahedzadeh, A},
  Journal                  = {Control Systems Magazine, IEEE},
  Year                     = {1990},
  Number                   = {5},
  Pages                    = {3--8},
  Volume                   = {10},

  File                     = {:01_Paper\\Hess1990.pdf:PDF},
  Publisher                = {IEEE}
}

@Article{Hessburg1994,
  Title                    = {Fuzzy logic control for lateral vehicle guidance},
  Author                   = {Hessburg, Thomas and Tomizuka, Masayoshi},
  Journal                  = {Control Systems, IEEE},
  Year                     = {1994},
  Number                   = {4},
  Pages                    = {55--63},
  Volume                   = {14},

  File                     = {:01_Paper\\Hessburg1994.pdf:PDF},
  Publisher                = {IEEE}
}

@PhdThesis{Hesse2013,
  Title                    = {Predictive Forcefield Trajectory Planning for Automated Vehicles},
  Author                   = {Hesse, Tobias},
  Year                     = {2013}
}

@PhdThesis{Hiesgen2012,
  Title                    = {Effiziente Entwicklung eines menschzentrierten Querf{\"u}hrungsassistenzsystems mit einem Fahrsimulator},
  Author                   = {Hiesgen, Gregor},
  School                   = {Universit{\"a}t Duisburg-Essen, Fakult{\"a}t f{\"u}r Ingenieurwissenschaften{\guillemotright} Ingenieurwissenschaften-Campus Duisburg{\guillemotright} Abteilung Maschinenbau{\guillemotright} Institut f{\"u}r Mechatronik und Systemdynamik},
  Year                     = {2012},

  File                     = {:00_Dissertationen\\Hiesgen2012.pdf:PDF}
}

@InProceedings{Hilgert2003,
  Title                    = {Emergency path planning for autonomous vehicles using elastic band theory},
  Author                   = {Hilgert, Jens and Hirsch, Karina and Bertram, Torsten and Hiller, Manfred},
  Booktitle                = {Advanced Intelligent Mechatronics, 2003. AIM 2003. Proceedings. 2003 IEEE/ASME International Conference on},
  Year                     = {2003},
  Organization             = {IEEE},
  Pages                    = {1390--1395},
  Volume                   = {2},

  File                     = {:01_Paper\\Hilgert2003.pdf:PDF}
}

@InProceedings{Hima2011,
  Title                    = {Trajectory tracking for highly automated passenger vehicles},
  Author                   = {Hima, Salim and Lusseti, Benoit and Vanholme, Benoit and Glaser, Sebastien and Mammar, Said},
  Booktitle                = {IFAC World Congress},
  Year                     = {2011},
  Pages                    = {12958--12963},

  File                     = {:01_Paper\\Hima2011.pdf:PDF}
}

@PhdThesis{Hindiyeh2013,
  Title                    = {Dynamics and Control of Drifting in Automobiles},
  Author                   = {Rami Yusef Hindiyeh},
  Year                     = {2013},

  File                     = {:00_Dissertationen\\Hindiyeh2013.pdf:PDF}
}

@InProceedings{Hiraoka2005,
  Title                    = {Modeling of driver following behavior based on minimum-jerk theory},
  Author                   = {Hiraoka, Toshihiro and Kunimatsu, Taketoshi and Nishihara, Osamu and Kumamoto, Hiromitsu},
  Booktitle                = {Proc. 12\textsuperscript{th} World Congress ITS},
  Year                     = {2005},

  File                     = {:01_Paper\\Hiraoka2005.pdf:PDF},
  Review                   = {Beschreibung Übergang Folgefahrt mit Polnyomen 5. Ordnung und minimalem Ruck. 
Berechung über einfache Formel durch Betrachtung der Extrema der Funtkion.}
}

@InProceedings{hogan1984impedance,
  Title                    = {Impedance control: An approach to manipulation},
  Author                   = {Hogan, Neville},
  Booktitle                = {American Control Conference},
  Year                     = {1984},
  Pages                    = {304--313}
}

@Article{Homm2010,
  Title                    = {Lidarbasierte Fahrstreifen-und Randbebauungserkennung mit Occupancy Grids f{\"u}r Spurhalte- und Spurwechselfunktionen},
  Author                   = {Homm, Florian and Duda, Alexander and Kaempchen, Nico and Waldmann, Peter and Ardelt, Michael},
  Journal                  = {Tagung Sicherheit durch Fahrerassistenz, M{\"u}nchen},
  Year                     = {2010},

  File                     = {:01_Paper\\Homm2010.pdf:PDF}
}

@PhdThesis{Homm2011,
  Title                    = {Fahrzeugeigenlokalisation im Kontext hochautomatisierter Fahrfunktionen},
  Author                   = {Homm, Florian Benedikt},
  School                   = {Technische Universität München},
  Year                     = {2011},

  File                     = {:00_Dissertationen\\Homm2011.pdf:PDF}
}

@Book{horowitz1963,
  Title                    = {Synthesis of feedback systems},
  Author                   = {Horowitz, Isaac},
  Publisher                = {Academic Press},
  Year                     = {1963}
}

@InProceedings{Hrich2005,
  Title                    = {Optimization of Emergency Trajectories of Autonomous Vehicles with Respect to Linear Vehicles Dynamic},
  Author                   = {Hrich, K},
  Booktitle                = {IEEE/ASME 2005 International Conference on Advance Intelligent Mechatronic California SUA},
  Year                     = {2005},
  Pages                    = {245--252},

  File                     = {:01_Paper\\Hrich2005.pdf:PDF}
}

@PhdThesis{Hsu2009,
  Title                    = {Estimation and control of lateral tire forces using steering torque},
  Author                   = {Hsu, Yung-Hsiang Judy},
  Year                     = {2009},

  File                     = {:00_Dissertationen\\Hsu2009.pdf:PDF},
  Publisher                = {ProQuest}
}

@InProceedings{Hu2013,
  Title                    = {The parameterization of all disturbance observers for time-delay plants with any input and output disturbances},
  Author                   = {Hu, Jie and Yamada, Kou and Sakanushi, Tatsuya and Wang, Hongfei},
  Booktitle                = {Electrical Engineering/Electronics, Computer, Telecommunications and Information Technology (ECTI-CON), 2013 10\textsuperscript{th} International Conference on},
  Year                     = {2013},
  Organization             = {IEEE},
  Pages                    = {1--4},

  File                     = {:01_Paper\\Hu2013.pdf:PDF}
}

@MastersThesis{Hult2013,
  Title                    = {Path Planning for Highly Automated Vehicles Master{\textquoteright}s Thesis in Systems, Control and Mechatronics},
  Author                   = {Robert Hult and Reza Sadeghi and Tabar },
  Year                     = {2013},

  Abstract                 = {Tolle Masterarbeit. 
Planung durch Optimalsteuerung wie Moritz.
Planung von Abbiegevorg{\"{a}}ngen.
Sch{\"{o}}ne {\"{U}}bersicht {\"{u}}ber Planungsalgorithmen
Betrachtung von Ableitung von Ruck!!},
  File                     = {:06_Abschlussarbeiten\\Hult2013.pdf:PDF},
  Review                   = {Path Planning for Highly Automated
Vehicles
Masters Thesis in Systems, Control and Mechatronics

Robert Hult
Reza Sadeghi Tabar 

Department of Signals and Systems
Automatic control, Automation and Mechatronics
Chalmers University of Technology 
Gothenburg, Sweden 2013
Masters Thesis 2013:1

}
}

@PhdThesis{Jaschke2002,
  Title                    = {Lenkregler f{\"u}r Fahrzeuge mit hoher Schwerpunktlage},
  Author                   = {Jaschke, Klaus Peter},
  Year                     = {2002},

  File                     = {:00_Dissertationen\\Jaschke2002.pdf:PDF},
  Journal                  = {Fakult{\"a}t f{\"u}r Maschinenbau und Elektrotechnik der Technischen Universit{\"a}t Carolo-Wilhelmina zu Braunschweig [www]. Information from< http://www. biblio. tu-bs. de/ediss/data/20020627b/20020627b. pdf},
  Pages                    = {04--06},
  Volume                   = {3}
}

@InProceedings{Jo2012,
  Title                    = {A note on disturbance observer with unknown relative degree of the plant},
  Author                   = {Jo, Nam H and Joo, Youngjun and Shim, Hyungbo and Son, Young Ik},
  Booktitle                = {Decision and Control (CDC), 2012 IEEE 51\textsuperscript{st} Annual Conference on},
  Year                     = {2012},
  Organization             = {IEEE},
  Pages                    = {943--948},

  File                     = {:01_Paper\\Jo2012.pdf:PDF}
}

@Article{Jo2010,
  Title                    = {Disturbance observer for non-minimum phase linear systems},
  Author                   = {Jo, Nam Hoon and Shim, Hyungbo and Son, Young Ik},
  Journal                  = {International Journal of Control, Automation and Systems},
  Year                     = {2010},
  Number                   = {5},
  Pages                    = {994--1002},
  Volume                   = {8},

  Abstract                 = {DOB Anwendung},
  File                     = {:01_Paper\\Jo2010.pdf:PDF},
  Publisher                = {Springer}
}

@InProceedings{Jo2011,
  Title                    = {Can a fast disturbance observer work under unmodeled actuators?},
  Author                   = {Jo, Nam-Hoon and Joo, Youngjun and Shim, Hyungbo},
  Booktitle                = {Control, Automation and Systems (ICCAS), 2011 11\textsuperscript{th} International Conference on},
  Year                     = {2011},
  Organization             = {IEEE},
  Pages                    = {561--566},

  File                     = {:01_Paper\\Jo2011.pdf:PDF}
}

@Other{JoernMartenWille,
  Title                    = {Comprehensive Treated Sections in a Trajectory Planner for Realizing Autonomous Driving in Braunschweig's Urban Traffic},
  Abstract                 = {13th International IEEE Annual Conference on Intelligent Transportation Systems, September 19-22, 2010, Madeira Island, Portugal},
  Author                   = {Joern Marten Wille, Falko Saust, Markus Maurer},
  File                     = {:01_Paper\\JoernMartenWille.pdf:PDF},
  Keywords                 = {Automated Vehicle Operation; Motion Planning in Dynamic Environments; Multi-Autonomous Vehicle: Models, Techniques and Simulations}
}

@Article{Koenig2007,
  Title                    = {Nichtlineare Lenkregler f{\"u}r den querdynamischen Grenzbereich},
  Author                   = {K{\"o}nig, Lars and Neubeck, Jens and Wiedemann, Jochen},
  Journal                  = {at--Automatisierungstechnik},
  Year                     = {2007},
  Number                   = {6},
  Pages                    = {314--321},

  Abstract                 = {EA-Linearisierung, Vorausschau,
Vgl mit nichtlinearer und linearer MPC},
  File                     = {:01_Paper\\Koenig2007.pdf:PDF}
}

@PhdThesis{Katriniok2013,
  Title                    = {Optimal Vehicle Dynamics Control and State Estimation for a Low-Cost GNSS-based Collision Avoidance System},
  Author                   = {Katriniok, Alexander},
  School                   = {Technischen Hochschule Aachen},
  Year                     = {2013},

  File                     = {:00_Dissertationen\\Katriniok2013.pdf:PDF},
  Publisher                = {Universit{\"a}tsbibliothek}
}

@Article{Kavraki1996,
  Title                    = {Probabilistic roadmaps for path planning in high-dimensional configuration spaces},
  Author                   = {Kavraki, Lydia E and Svestka, Petr and Latombe, J-C and Overmars, Mark H},
  Journal                  = {IEEE Transactions on Robotics and Automation},
  Year                     = {1996},
  Number                   = {4},
  Pages                    = {566--580},
  Volume                   = {12},

  Publisher                = {IEEE}
}

@PhdThesis{Kehl2007,
  Title                    = {Querregelung eines Versuchsfahrzeugs entlang vorgegebener Bahnen},
  Author                   = {Kehl, Steffen},
  School                   = {Universität Stuttgart},
  Year                     = {2007},

  Abstract                 = {PD-Regler + Vorsteuerung f{\"{u}}r Querregelung},
  File                     = {:00_Dissertationen\\Kehl2007.pdf:PDF}
}

@Article{Kelly2003,
  Title                    = {Reactive nonholonomic trajectory generation via parametric optimal control},
  Author                   = {Kelly, Alonzo and Nagy, Bryan},
  Journal                  = {The International Journal of Robotics Research},
  Year                     = {2003},
  Number                   = {7-8},
  Pages                    = {583--601},
  Volume                   = {22},

  File                     = {:01_Paper\\Kelly2003.pdf:PDF},
  Publisher                = {SAGE Publications}
}

@InProceedings{Khodayari2010,
  Title                    = {A historical review on lateral and longitudinal control of autonomous vehicle motions},
  Author                   = {Khodayari, Alireza and Ghaffari, A and Ameli, S and Flahatgar, Jamal},
  Booktitle                = {Mechanical and Electrical Technology (ICMET), 2010 2\textsuperscript{nd} International Conference on},
  Year                     = {2010},
  Organization             = {IEEE},
  Pages                    = {421--429},

  File                     = {:01_Paper\\Khodayari2010.pdf:PDF}
}

@Article{Kim2010,
  Title                    = {Disturbance observer for estimating higher order disturbances in time series expansion},
  Author                   = {Kim, Kyung-Soo and Rew, Keun-Ho and Kim, Soohyun},
  Journal                  = {Automatic Control, IEEE Transactions on},
  Year                     = {2010},
  Number                   = {8},
  Pages                    = {1905--1911},
  Volume                   = {55},

  File                     = {:01_Paper\\Kim2010.pdf:PDF},
  Publisher                = {IEEE}
}

@Article{Kirchner2005,
  Title                    = {Ein fortgeschrittenes Kollisionsvermeidungssystem},
  Author                   = {Kirchner, Ing Alexander and Kr{\"u}ger, Ing Klaus and Mildner, Oberstleutnant Dr-Ing Frank},
  Journal                  = {ATZ-Automobiltechnische Zeitschrift},
  Year                     = {2005},
  Number                   = {1},
  Pages                    = {60--67},
  Volume                   = {107},

  File                     = {:01_Paper\\Kirchner2005.pdf:PDF},
  Publisher                = {Springer}
}

@PhdThesis{Klanner2008,
  Title                    = {Entwicklung eines kommunikationsbasierten Querverkehrsassistenten im Fahrzeug},
  Author                   = {Klanner, Felix},
  Year                     = {2008},

  File                     = {:00_Dissertationen\\Klanner2008.pdf:PDF},
  Review                   = {Entwicklung eines kommunikationsbasierten


Querverkehrsassistenten im Fahrzeug


Vom Fachbereich Maschinenbau


an der Technischen Universität Darmstadt


zur


Erlangung des Grades eines Doktor-Ingenieurs (Dr.-Ing.)


genehmigte


D i s s e r t a t i o n


vorgelegt von


Dipl.-Ing. Felix Klanner


aus Starnberg


Berichterstatter: Prof. Dr. rer. nat. Hermann Winner


Mitberichterstatter: Prof. Dr.-Ing. Bernd Heißing


Tag der Einreichung: 03.03.2008


Tag der mündlichen Prüfung: 20.05.2008


Darmstadt 2008


D17}
}

@PhdThesis{Koch2011,
  Title                    = {Adaptive control of mechatronic vehicle suspension systems},
  Author                   = {Koch, Guido},
  Year                     = {2011},

  File                     = {:00_Dissertationen\\Koch2011.pdf:PDF},
  Publisher                = {Shaker}
}

@Article{Kondo1953,
  Title                    = {Directional stability (when steering is added)},
  Author                   = {Kondo, M},
  Journal                  = {Journal of the Society of Automotive Engineers of Japan (JSAE)},
  Year                     = {1953},
  Number                   = {5-6},
  Pages                    = {9},
  Volume                   = {7}
}

@PhdThesis{Kraus2012,
  Title                    = {Fahrverhaltensanalyse zur Parametrierung situationsadaptiver Fahrzeugfu?hrungssysteme},
  Author                   = {Kraus, Sven},
  School                   = {Mu?nchen, Technische Universita?t Mu?nchen, Diss., 2012},
  Year                     = {2012},

  File                     = {:00_Dissertationen\\Kraus2012.pdf:PDF}
}

@Book{Krogh1984,
  Title                    = {A generalized potential field approach to obstacle avoidance control},
  Author                   = {Krogh, Bruce H},
  Publisher                = {RI/SME},
  Year                     = {1984}
}

@InProceedings{Kumar2013,
  Title                    = {Learning-based approach for online lane change intention prediction},
  Author                   = {Kumar, Puneet and Perrollaz, Mathias and Lefevre, St{\'e}phanie and Laugier, Christian},
  Booktitle                = {Intelligent Vehicles Symposium},
  Year                     = {2013},
  Organization             = {IEEE},
  Pages                    = {797--802}
}

@Article{Kuwata2009,
  Title                    = {Real-time motion planning with applications to autonomous urban driving},
  Author                   = {Kuwata, Yoshiaki and Karaman, Sertac and Teo, Justin and Frazzoli, Emilio and How, Jonathan P and Fiore, G},
  Journal                  = {IEEE Transactions on Control Systems Technology},
  Year                     = {2009},
  Number                   = {5},
  Pages                    = {1105--1118},
  Volume                   = {17},

  Publisher                = {IEEE}
}

@InProceedings{Loeper,
  Title                    = {G 42~{K}ooperative Automation Stephan Hakuli, Ralph Bruder, Frank O. Flemisch},
  Author                   = {Christian L{\"{o}}per and Herbert Rausch and Michael Schreiber and Hermann Winner},

  File                     = {:01_Paper\\Loeper.pdf:PDF},
  Review                   = {G

42 Kooperative Automation Stephan Hakuli, Ralph Bruder, Frank O. Flemisch,


Christian Löper, Herbert Rausch, Michael Schreiber, Hermann Winner


42.1 Einleitung und Motivation tiger Fahrerassistenzsysteme erfordern: Wie aus 

dem Bereich der Luftfahrt bekannt ist, kann eine 


Das Aufgabenspektrum moderner Assistenzsys- Erhöhung des Automationsgrades zu De?ziten in 

teme erstreckt sich von der Steigerung des Fahr- Situation und Mode Awareness führen, wenn die 

komforts bis hin zur Übernahme aktiver Sicher- Mensch-Maschine-Interaktion nicht an die neuen 

heitsfunktionen. Selbst komplexe Systeme wie Anforderungen angepasst wird. Dies kann sowohl 

die adaptive Fahrgeschwindigkeitsregelung ACC den Nutzen von Assistenzsystemen mindern [15] als 

(Adaptive Cruise Control, vgl. Kap. 32), die wie auch zu kritischen Fahrsituationen führen. Weiter-

viele weitere Innovationen in der Fahrzeugindus- hin kommunizieren derzeitige Assistenzsysteme in 

trie einst der automobilen Oberklasse vorbehalten der Regel jeweils über eine eigene Mensch-Maschi-

war, dringen derzeit über die Mittelklasse in den ne-Schnittstelle mit dem Fahrer. Da die Optimie-

Massenmarkt vor und beginnen, die Öffentlich- rung der bisherigen Einzelansätze keinen Ausweg 

keit für die mit hoher Automatisierung einherge- verspricht, stellt sich die Frage, wie ein integrier-

henden Veränderungen und Herausforderungen zu tes Gesamtkonzept aussehen kann, das dem Fahrer 

sensibilisieren. Denn so beeindruckend die Leis- entsprechend der rechtlichen Rahmenbedingungen 

tungsfähigkeit moderner Fahrerassistenzsysteme maximale Unterstützung anbietet, ihn aber gleich-

auch ist, so verursacht sie doch ein Dilemma: Mit zeitig im Informations?uss belässt.

der Übernahme von primären Fahraufgaben durch Als Weg aus diesem Dilemma bietet sich eine 

Fahrerassistenzsysteme werden vom Fahrer neue Richtung an, die sich als kooperative Fahrzeugfüh-

und erweiterte Bedienfähigkeiten erwartet. Zum rung beschreiben lässt. Die Kooperation bezieht 

einen muss er ein mentales Modell eines jeden sich auf die intensive, kooperative Interaktion zwi-

vorhandenen Assistenzsystems mit dessen spezi- schen Fahrer und automatischem System. Exemp-

?scher Mensch-Maschine-Schnittstelle aufbauen larisch werden zwei Umsetzungen skizziert, die 

und dessen funktionale Grenzen verinnerlichen. sich zwar aus unterschiedlichen Richtungen einer 

Zum anderen muss er, nachdem er einen Teil sei- Lösung annähern, aber auch eine hohe Überde-

ner Fahraufgabe an ein Assistenzsystem übertragen ckung zeigen. In gemeinsamen Diskussionen der 

hat, die (teil-)automatisierte Funktion überwachen, nachfolgend genannten Arbeitsgruppen wurde der 

die Handlungen des Systems antizipieren und eine Begriff der kooperativen Automation als gemeinsa-

permanente Bereitschaft zur Rückübernahme der mer Kern der beiden Ansätze identi?ziert.

durch die Assistenzfunktion ausgeführten Fahr- In der Konzeptausprägung Conduct-by-Wire 

aufgabe aufweisen. Die Rückübernahme geschieht arbeitet eine Arbeitsgruppe der TU Darmstadt 

entweder willentlich, wenn die Unterstützung nicht (Fachgebiet Fahrzeugtechnik und Institut für 

nach des Fahrers Vorstellung verläuft, oder sie ist Arbeitswissenschaft) an einem manöverbasierten 

obligatorisch, wenn die Assistenzfunktion an ihre Fahrzeugführungs - und Assistenzkonzept, das dem 

funktionalen Grenzen stößt und explizit zur Über- im Weiteren beschriebenen Paradigma der Seriellen 

nahme auffordert. Assistenz folgt [11], [12]. Unter dem Titel H-Mode


Für eine erfolgreiche Rückübernahme muss widmen sich das DLR (Institut für Verkehrssystem-

gewährleistet sein, dass dem Fahrer jederzeit technik) und die TU München (Lehrstuhl für Ergo-

bewusst ist, in welcher Situation er sich be?ndet nomie) basierend auf der H(orse)-Metapher der 

(Situation Awareness) [5] und in welchem Modus Gestaltung des kooperativen Zusammenwirkens 

seine Assistenzsysteme arbeiten (Mode Awareness) von Fahrer und Automation für hochautomatisierte 

[1]. Erschwert wird die erfolgreiche Rückübernah- Fahrzeuge [16]. Für diese Gestaltung wird im Rah-

me dadurch, dass derzeitige Assistenzsysteme als men der H-Metapher die Interaktion zwischen Rei-

Einzelfunktionen entweder aktiviert, übersteuert ter und Pferd/Pferdekutsche als Vorbild genommen 

oder deaktiviert sind, aber kein ?ießender, kontinu- und als haptisch-multimodale Interaktionssprache 

ierlicher Übergang zwischen verschiedenen Unter- auf die hochautomatisierte Fahrzeugführung ange-

stützungsgraden existiert, der diesem Problem des wandt.

harten Übergangs begegnet. Die Forschungsprojekte Conduct-by-Wire und 


Zusammenfassend gibt es also mehrere Fakto- H-Mode werden durch die Deutsche Forschungsge-

ren, die das Überdenken der Architektur derzei- meinschaft (DFG) gefördert.


647}
}

@Article{Loeper2008,
  Title                    = {Kooperative, man{\"o}verbasierte Automation und Arbitrierung als Bausteine f{\"u}r hochautomatisiertes Fahren},
  Author                   = {L{\"o}per, Cristian and Kelsch, Johann and Flemisch, F},
  Journal                  = {Automatisierungs-, Assistenzsysteme und eingebettete Systeme f{\"u}r Transportmittel, S},
  Year                     = {2008},
  Pages                    = {215--237},

  File                     = {:01_Paper\\Loeper2008.pdf:PDF}
}

@Book{Latombe1991,
  Title                    = {Robot Motion Planning},
  Author                   = {Latombe, Jean-Claude},
  Publisher                = {Springer},
  Year                     = {1991}
}

@Book{LaValle2006,
  Title                    = {Planning algorithms},
  Author                   = {LaValle, Steven Michael},
  Publisher                = {Cambridge university press},
  Year                     = {2006},

  File                     = {:02_Bücher\\LaValle2006.pdf:PDF}
}

@InProceedings{Lawitzky2013,
  Title                    = {Interactive Scene Prediction for Automotive Applications},
  Author                   = {Lawitzky, Andreas and Althoff, Daniel and Passenberg, Christoph F and Tanzmeister, Georg and Wollherr, Dirk and Buss, Martin},
  Booktitle                = {Intelligent Vehicles Symposium},
  Year                     = {2013},
  Organization             = {IEEE},
  Pages                    = {1028--1033},

  File                     = {:01_Paper\\Lawitzky2013.pdf:PDF}
}

@Article{Lenz2014,
  Title                    = {Mehrstufiges Planungskonzept f{\"{u}}r pilotierte Parkhausfunktionen},
  Author                   = {Lenz, D.},
  Year                     = {2014},

  Abstract                 = {Audi},
  File                     = {:01_Paper\\Lenz2014.pdf:PDF},
  Owner                    = {Q291274},
  Timestamp                = {2015.03.06}
}

@Article{Leonard2008,
  Title                    = {A perception-driven autonomous urban vehicle},
  Author                   = {Leonard, John and How, Jonathan and Teller, Seth and Berger, Mitch and Campbell, Stefan and Fiore, Gaston and Fletcher, Luke and Frazzoli, Emilio and Huang, Albert and Karaman, Sertac and others},
  Journal                  = {Journal of Field Robotics},
  Year                     = {2008},
  Number                   = {10},
  Pages                    = {727--774},
  Volume                   = {25},

  File                     = {:01_Paper\\Leonard2008.pdf:PDF},
  Publisher                = {Wiley Online Library}
}

@TechReport{Lienkamp,
  Title                    = {Automatisches Fahren: Logische Konsequenz der Assistenzsysteme oder Utopie?},
  Author                   = {Lienkamp},

  File                     = {:01_Paper\\Lienkamp.pdf:PDF}
}

@Article{Liu2002,
  Title                    = {Inverse-dynamics based state and disturbance observers for linear time-invariant systems},
  Author                   = {Liu, Chia-Shang and Peng, Huei},
  Journal                  = {Journal of dynamic systems, measurement, and control},
  Year                     = {2002},
  Number                   = {3},
  Pages                    = {375--381},
  Volume                   = {124},

  File                     = {:01_Paper\\Liu2002.pdf:PDF},
  Publisher                = {American Society of Mechanical Engineers}
}

@InCollection{Lundquist2012,
  Title                    = {Situational awareness and road prediction for trajectory control applications},
  Author                   = {Lundquist, Christian and Sch{\"o}n, Thomas B and Gustafsson, Fredrik},
  Booktitle                = {Handbook of Intelligent Vehicles},
  Publisher                = {Springer},
  Year                     = {2012},
  Pages                    = {365--396}
}

@Book{Lunze2010,
  Title                    = {Regelungstechnik 1--Systemtheorietische Grundlagen, Analyse und Entwurf einschleifiger Regelungen},
  Author                   = {Lunze, Jan},
  Year                     = {2010},
  Volume                   = {39},

  File                     = {:02_Bücher\\Lunze2010.pdf:PDF},
  Journal                  = {Springer},
  Pages                    = {95}
}

@Book{Lunze2010a,
  Title                    = {Regelungstechnik 2},
  Author                   = {Lunze, Jan},
  Year                     = {2010},
  Volume                   = {1},

  File                     = {:02_Bücher\\Lunze2010a.pdf:PDF},
  Journal                  = {Regelungstechnik 2: Mehrgr{\"o}{\ss}ensysteme, Digitale Regelung, Springer-Lehrbuch, ISBN 978-3-642-10197-7. Springe-Verlag Berlin Heidelberg, 2010}
}

@Book{Mueller1996,
  Title                    = {Entwurf robuster Regelungen},
  Author                   = {M{\"u}ller, Kai},
  Publisher                = {Springer},
  Year                     = {1996},

  File                     = {:02_Bücher\\Mueller1996.pdf:PDF}
}

@PhdThesis{Mueller1998,
  Title                    = {Linearized wheel-rail dynamics-stability and corrugation},
  Author                   = {M{\"u}ller, Steffen},
  Year                     = {1998},

  File                     = {:00_Dissertationen\\Mueller1998.pdf:PDF},
  Journal                  = {FORTSCHRITT BERICHTE-VDI REIHE 12 VERKEHRSTECHNIK FAHRZEUGTECHNIK},
  Publisher                = {VDI-VERLAG GMBH}
}

@Article{Mueller2007,
  Title                    = {Fahrerassistenz auf dem Weg zur automatisierten Fahrzeugf{\"{u}}hrung Teil 2~{S}ituations wahrnehmung , Handlungsregulation und Fortbewegungs},
  Author                   = {M{\"u}ller, Thomas},
  Journal                  = {ATZ-Automobiltechnische Zeitschrift},
  Year                     = {2007},

  File                     = {:01_Paper\\Mueller2007.pdf:PDF},
  Review                   = {FORSCHUNG Assistenzsysteme


Fahrerassistenz auf dem 

Weg zur automatisierten 

Fahrzeugführung

Teil 2: Situationsw ahrnehmung, 

Handlungsregulation und 

Fortbewegung

Fahrerassistenzsysteme eröffnen die Möglichkeit, immer komplexere Teilaufgaben der Fahr-

zeugführung vom Fahrzeug selbst ausführen zu lassen. Der vorliegende Teil 2 des Beitrags 

von Omron Automotive setzt die Diskussion der technischen Lösungsansätze einer automati-

sierten Fahrzeugführung fort. Eingegangen wird auf die Aspekte der S ituationswahrnehmung 

mit ihren Schwerpunkten Fahrzeugumfelderfassung und Situationsanalyse, der Handlungsre-

gulation und der Fahrzeugfortbewegung. Der Beitrag schließt mit der Betrachtung von Fah-

rerassistenzsystemen als Vorstufen einer automatisierten Fahrzeugführung.


4.2 Situationswahrnehmung weils einzelne Komponenten verantwort-

Damit ein technisches System einer Situati- lich (Umfelderfassung, Situationsanalyse, 

on angemessene Fahrmanöver aus einem Situationsprädiktion, etc), die sich ihrer-

Repertoire auswählen und ausführen kann, seits auf für die Herausarbeitung von ein-

ist eine adäquate Situationswahrnehmung zelnen Situationsdetails spezialisierten

von höchster Bedeutung. Unter einer Situa- Unterkomponenten stützen (Fahrzeuger-

tion wird dabei die Gesamtheit der für die kennung, Fahrstreifenerkennung, etc.). Das 

Handlungsregulation relevanten Sachver- Ziel aller Komponenten ist die Generierung 

halte verstanden [7]. Im Kontext der auto- einer für die nachfolgende Handlungsregu-

matisierten Fahrzeugführung zählen dazu lation vollständigen Beschreibung der Situ-

erstens abstrakte, situationskennzeich- ation.

nende Sachverhalte, zweitens die Existenz 


Der Autor und aktuelle Konstellation von für die Fahr- 4.2.1 Abstrakte, situations-

zeugführung relevanten Objekten, drittens kennzeichnende Sachverhalte

die aktuell ablaufenden Handlungen der Abstrakte, situationskennzeichnende Sach-


Dipl.-Ing. einzelnen Verkehrsteilnehmer und das sich verhalte beschreiben die Rahmenbedin-

Thomas Müller ergebende Konfliktpotenzial sowie viertens gungen einer automatisierten Fahrzeug-

ist Teamleiter Image die Kenntnis von aktuell ausführbaren ei- führung. Zu ihnen zählen die aktuelle Do-

 Processing und Sensor genen Fahrmanövern. Diese Sachverhalte mäne und die aktuellen Umweltbedin-

Fusion bei der Omron stellen jeweils einzelne Situationsaspekte gungen. Unter einer Domäne versteht man 

 Automotive Electronics dar, die in ihrer Gesamtheit die reale Situa- eine bestimmte Verkehrsumgebung, in de-

Technology GmbH tion beschreiben [11]. Für die Bestimmung nen Gruppen von Aktionen erlaubt, not-

in Weißensberg. der einzelnen Situationsaspekte sind je- wendig oder verboten sind, und in der be-


170 ATZ 02I2007 Jahrgang 109}
}

@Article{Mueller2007a,
  Title                    = {Fahrerassistenz auf dem Weg and zur and automatisierten Fahrzeugf{\"{u}}hrung and Teil 1: Regelungsaufgabe and Rolle des and Fahrers und L{\"{o}}sungsans{\"{a}}tze},
  Author                   = {M{\"u}ller, Thomas},
  Journal                  = {ATZ},
  Year                     = {2007},

  File                     = {:01_Paper\\Mueller2007a.pdf:PDF},
  Review                   = {FORSCHUNG Assistenzsysteme


Fahrerassistenz auf dem Weg zur 

automatisierten Fahrzeugführung

Teil 1: Regelungsaufgabe, Rolle des 

Fahrers und Lösungsansätze


Fahrerassistenzsysteme eröffnen die Möglichkeit, immer komplexere Teilaufgaben der Fahrzeug-

führung vom Fahrzeug selbst ausführen zu lassen. Dieser Beitrag von Omron trägt die vielfältigen 

Aspekte von Assistenzsystemen auf ihrem Weg zu einer automatisierten Fahrzeugführung zu 

einem Überblick zusammen. Der vorliegende Teil 1 behandelt die Formalisierung der Fahrzeugfüh-

rung als Regelungsaufgabe, die Rolle des Fahrers als zentrale Wahrnehmungs-, Steuerungs- und 

Regelinstanz und geht auf Probleme des Fahrers bei der Fahrzeugführung ein. Es folgt die Diskus-

sion von technischen Lösungsansätzen, die im Teil 2 in der ATZ 2/07 fortgesetzt wird.


58 ATZ 01I2007 Jahrgang 109}
}

@Book{Maciejowski2002,
  Title                    = {Predictive control: with constraints},
  Author                   = {Maciejowski, Jan Marian},
  Publisher                = {Pearson education},
  Year                     = {2002}
}

@InProceedings{Madas2013,
  Title                    = {On path planning methods for automotive collision avoidance},
  Author                   = {Madas, David and Nosratinia, Mohsen and Keshavarz, Mansour and Sundstrom, Peter and Philippsen, Rolland and Eidehall, Andreas and Dahl{\'e}n, Karl-Magnus},
  Booktitle                = {Intelligent Vehicles Symposium (IV), 2013 IEEE},
  Year                     = {2013},
  Organization             = {IEEE},
  Pages                    = {931--937},

  File                     = {:01_Paper\\Madas2013.pdf:PDF}
}

@InProceedings{Mammar2010,
  Title                    = {Lane keeping automation at tire saturation},
  Author                   = {Mammar, Sa{\i}d and Enache, N Minoiu and Glaser, S{\'e}bastien and Lusetti, Benoit and Neto, Andre Benine},
  Booktitle                = {American Control Conference (ACC), 2010},
  Year                     = {2010},
  Organization             = {IEEE},
  Pages                    = {6466--6471},

  File                     = {:01_Paper\\Mammar2010.pdf:PDF}
}

@InProceedings{Mammar2001,
  Title                    = {Combination of feedforward and feedback H? control for speed scheduled vehicle automatic steering},
  Author                   = {Mammar, Saiid and Koenig, Damien and Nouveliere, Lydie},
  Booktitle                = {American Control Conference, 2001. Proceedings of the 2001},
  Year                     = {2001},
  Organization             = {IEEE},
  Pages                    = {684--689},
  Volume                   = {2},

  File                     = {:01_Paper\\Mammar2001.pdf:PDF}
}

@InProceedings{Marino2009,
  Title                    = {A nested {PID} steering control for lane keeping in vision based autonomous vehicles},
  Author                   = {Marino, Riccardo and Scalzi, Stefano and Orlando, Giuseppe and Netto, Mariana},
  Booktitle                = {American Control Conference, 2009. ACC'09.},
  Year                     = {2009},
  Organization             = {IEEE},
  Pages                    = {2885--2890},

  File                     = {:01_Paper\\Marino2009.pdf:PDF}
}

@Article{Markoff2010,
  Title                    = {Google Cars Drive Themselves, in Traffic},
  Author                   = {Markoff, John},
  Journal                  = {New York Times},
  Year                     = {2010},
  Volume                   = {9},

  File                     = {:01_Paper\\Markoff2010.pdf:PDF}
}

@Article{Martinez2007,
  Title                    = {A safe longitudinal control for adaptive cruise control and stop-and-go scenarios},
  Author                   = {Martinez, J-J and Canudas-de-Wit, Carlos},
  Journal                  = {IEEE Transactions on Control Systems Technology},
  Year                     = {2007},
  Number                   = {2},
  Pages                    = {246--258},
  Volume                   = {15},

  File                     = {:01_Paper\\Martinez2007.pdf:PDF},
  Publisher                = {IEEE}
}

@PhdThesis{Maurer2000,
  Title                    = {Flexible Automatisierung von Stra{\ss}enfahrzeugen mit Rechnersehen},
  Author                   = {Maurer, Markus},
  School                   = {Universit{\"a}t der Bundeswehr M{\"u}nchen},
  Year                     = {2000},

  File                     = {:00_Dissertationen\\Maurer2000.pdf:PDF}
}

@Book{Maurer2015,
  Title                    = {Autonomes Fahren: Technische, rechtliche und gesellschaftliche Aspekte},
  Author                   = {Maurer, Markus and Gerdes, J Christian and Lenz, Barbara and Winner, Hermann},
  Publisher                = {Springer-Verlag},
  Year                     = {2015},

  File                     = {:02_Bücher\\Maurer2015.pdf:PDF}
}

@Book{Maurer2005,
  Title                    = {maschineller Wahrnehmung},
  Author                   = {Maurer, Markus and Stiller, Christoph},
  Publisher                = {Springer},
  Year                     = {2005},

  File                     = {:02_Bücher\\Maurer2005.pdf:PDF}
}

@PhdThesis{Maurer2013,
  Title                    = {Bewertung von Mess-und Pr\"adiktionsunsicherheiten in der zeitlichen Eingriffsentscheidung f\"ur automatische Notbrems-und Ausweichsysteme},
  Author                   = {Maurer, Thomas},
  School                   = {Universit\"at Duisburg-Essen},
  Year                     = {2013},

  File                     = {:00_Dissertationen\\Maurer2013.pdf:PDF}
}

@Book{Mayr2013,
  Title                    = {Regelungsstrategien f{\"u}r die automatische Fahrzeugf{\"u}hrung: L{\"a}ngs-und Querregelung, Spurwechsel- und {\"U}berholman{\"o}ver},
  Author                   = {Mayr, Robert},
  Publisher                = {Springer},
  Year                     = {2000},

  File                     = {:02_Bücher\\Mayr2013.pdf:PDF}
}

@TechReport{Mayser2005,
  Title                    = {interActive Cruise and Control and A new Driver and Interaction Concept and for Adaptive and Cruise Control and Systems},
  Author                   = {Mayser, Christoph; Naab, Karl; Kagerer Walter},
  Year                     = {2005},
  Number                   = {the },

  Abstract                 = {Systems have been introduced into the market as well.

These systems inform the driver and are capable of },
  File                     = {:01_Paper\\Mayser2005.pdf:PDF},
  Review                   = {2006-01-0346 


interActive Cruise Control - A new Driver 

Interaction Concept for Adaptive Cruise Control Systems 


Christoph Mayser1, Karl Naab2, Walter Kagerer1 

1

 BMW Group, Driver Assistance and Active Safety Systems / System Development


2

 BMW Group, System Architecture and Design / Driver Assistance Systems


Copyright © 2005 SAE International


ABSTRACT Systems have been introduced into the market as well. 

These systems inform the driver and are capable of 


Already established driver assistance systems like recommending certain actions; however, the driver 


Cruise Control or Adaptive Cruise Control are based on remains in charge, deciding for her- / himself whether to 


the delegation of a part of the driving task to the system. use the supplied information. 


Instead of keeping a suitable speed the driver is just 

monitoring the correct function of the assistance system. 


In situations when the system is fulfilling the task in a 

way the driver doesnt accept she / he has to deactivate 

it. Adding a new input element the driver gains the 

possibility to create additional inputs in terms of 

acceleration or deceleration to the assistance system. 

This allows the driver to modify the system behavior in 

different driving situations without deactivating the 

system. The relationship between driver and system 

shifts from delegation to co-operation. This paper 

explains principal aspects of the technical realization and 



presents the results of a study regarding the first contact Figure 1: Classification of technical systems that are supporting the 

of subjects with an enhanced Adaptive Cruise Control. driver (Abbreviations: ABS: Anti Blocking System, EDC: Electronic 


Damping Control, ASC: Anti Skid Control, DSC: Dynamic Stability 


INTRODUCTION Control, DBC: Dynamic Brake Control, HC: Heading Control, µ: Friction 

Detection, CC: Cruise Control, ACC: Active Cruise Control, RDS-TMC:


Radio Data System  Traffic Message Channel, DMRG: Dual Mode 

Traffic density is rising due to a constantly increasing Route Guidance)

number of vehicles combined with an infrastructure that 

is not growing equivalently. Therefore the driving task 

today has become more and more difficult. Further, the 

additional distraction of the driver through the use of cell 

phones and other communication devices while driving 


With the introduction of systems like Cruise Control (CC) 

has intensified the problem. Within the last two decades, 


the notion Driver Assistance was established. These 

the automotive industry has started developing technical 


types of driver assistance systems do not aim at 

systems with the goal to assist the driver, accordingly to 


automating the driving task. At the drivers request, the 

increase driving comfort and driving safety [1]. 


Cruise Control performs actions according to the rules of 

the driver. Instead of the task of maintaining a suitable 


DRIVER ASSISTANCE speed the driver has the task of monitoring the correct 

functioning of the assistance system. This monitoring 


The basic idea of driver assistance is to support the effort should be less than the effort to perform the driving 

driver according to her / his expectations. This task itself. The driver can intervene at any given time 

characteristic can be compared to an electronic co-pilot and still has full responsibility for the driving task. To 

that assists the driver performing the driving task. The reduce the drivers workload, the characteristic of an 

first technical systems introduced into the market were assistance system has to follow the mental model of the 

chassis management systems (figure 1) like Anti driver [2]. Thus, the possibilities of turning the system on 

Blocking Systems (ABS) or Dynamic Stability Control and off as well as a high transparency of the different 

(DSC). They support the driver by taking over control for system states and limitations are important features. 

a very short time to regain stability of the vehicle. 

Nowadays driver information systems like Navigation }
}

@PhdThesis{McNaughton2011,
  Title                    = {Parallel Algorithms for Real-time Motion Planning},
  Author                   = {McNaughton, Matthew},
  School                   = {Carnegie Mellon University},
  Year                     = {2011},

  File                     = {:00_Dissertationen\\McNaughton2011.pdf:PDF}
}

@Article{mcnaughton2011parallel,
  Title                    = {Parallel algorithms for real-time motion planning},
  Author                   = {McNaughton, Matthew},
  Year                     = {2011}
}

@MastersThesis{Medler2013,
  Title                    = {Active Safety During Highly Automated Driving},
  Author                   = {Medler, Martin},
  School                   = {TU München},
  Year                     = {2013},

  File                     = {:06_Abschlussarbeiten\\Medler2013.pdf:PDF},
  Owner                    = {Q291274},
  Timestamp                = {2014.08.23}
}

@Article{Meier2004,
  Title                    = {Automatische {F}ahrzeug-{L}{\"{a}}ngsf{\"{u}}hrung mittels {T}rajektorien-{F}olgeregelung},
  Author                   = {Meier, Gerald and Roppenecker, Gtinter and Wurmthaler, Christoph},
  Year                     = {2004},

  File                     = {:01_Paper\\Meier2004.pdf:PDF},
  Owner                    = {Q291274},
  Timestamp                = {2014.04.20}
}

@InProceedings{Meier2004a,
  Title                    = {Tracking Control for Automatic Vehicle Guidance},
  Author                   = {Meier, Gerald and Roppenecker, G{\"u}nter and Wurmthaler, Christoph},
  Booktitle                = {Proceedings of the 7th International Symposium on Advanced Vehicle Control},
  Year                     = {2004},

  File                     = {:01_Paper\\Meier2004a.pdf:PDF}
}

@TechReport{Milanes2011,
  Title                    = {An Approach to Driverless Vehicles in Highways},
  Author                   = {Vicente Milan{\'{e}}s and Enrique Onieva and Joshu{\'{e}} P{\'{e}}rez and Jorge Godoy and Jorge Villagr{\'{a}}},
  Year                     = {2011},
  Number                   = {dynamically-},

  Abstract                 = {This paper presents AUTOPIA program results there are still some improvements to do so as to achieve

towards autonomous vehicles in highways. Based on our pre- robust positioning systems. Taking this into account, one

vious experience in automatic driving systems, a high-speed

controller has been developed to perform vehicle{\textquoteright}s guidance of the solutions is linked to the use of dedicated lanes

autonomously. The map is generated in real time by the leading for fully-autonomous vehicles. Our approach is based on

vehicle via vehicle-to-vehicle communications, permitting the a leading vehicle with a high-precision positioning system

vehicle equipped with the automatic system driving in any real that is capable of generating a real-time digital map for the

circumstance in highways as can be lane-change maneuver. The trailing vehicle equipped with an automatic lateral control.

system has been integrated in one of the AUTOPIA program

vehicles and tested in a private circuit at high speeds with good Of all of traffic scenarios, urban environments constitute

results. the most complex area considering all the singularities a},
  Booktitle                = {2011 14\textsuperscript{th} International IEEE Conference on Intelligent Transportation Systems Washington, DC, USA. October 5-7, 2011},
  File                     = {:01_Paper\\Milanes2011.pdf:PDF},
  Publisher                = {IEEE},
  Review                   = {2011 14th International IEEE Conference on

Intelligent Transportation Systems

Washington, DC, USA. October 5-7, 2011


An Approach to Driverless Vehicles in Highways


Vicente Milanés, Enrique Onieva, Joshué Pérez, Jorge Godoy, Jorge Villagrá


Abstract This paper presents AUTOPIA program results there are still some improvements to do so as to achieve

towards autonomous vehicles in highways. Based on our pre- robust positioning systems. Taking this into account, one

vious experience in automatic driving systems, a high-speed

controller has been developed to perform vehicles guidance of the solutions is linked to the use of dedicated lanes

autonomously. The map is generated in real time by the leading for fully-autonomous vehicles. Our approach is based on

vehicle via vehicle-to-vehicle communications, permitting the a leading vehicle with a high-precision positioning system

vehicle equipped with the automatic system driving in any real that is capable of generating a real-time digital map for the

circumstance in highways as can be lane-change maneuver. The trailing vehicle equipped with an automatic lateral control.

system has been integrated in one of the AUTOPIA program

vehicles and tested in a private circuit at high speeds with good Of all of traffic scenarios, urban environments constitute

results. the most complex area considering all the singularities a


I. INTRODUCTION vehicle can find when it is driving in a city intersections,


Autonomous vehicles is today a hot roundabouts, merging areas, U-turns and so on. In spite oftopic research in the

transportation field. One of the most representative adv several systems have been developed as semi-autonomousances

in this aid driving i.e. the city safety system from Volvo the hugeresearch area is the last competition organized by

the Defense Advanced Research Project number of scenarios that have to be contemplated convert theAgency (DARPA)

called Urban Challenge [1] where autonomous vehicles de- autonomous driving in urban environment, at the present, in

veloped by a impossible mission.several research centers have to cover a route

autonomously. Most recently, the Vislab Intercontinental Au- Bearing this in mind, automotive manufactures focused

tonomous Challenge (VIAC) [2] where a electric vehicle was their first efforts in highways where systems as the cruise

capable of driving from Italy to China covering most of the control (CC) or the adaptive CC (ACC) have aided the driver

route autonomously. Although these results are encouraging, making the driving more comfortable. One of the reasons for

there are still a long way to go from semi-autonomous this choice is because no singularities are found in highways,

driving systems presently in the market to fully-autonomous that is, vehicle only has to follow its route in the lane and

vehicles in real roads. to perform a lane-change maneuver in case of an overtaking


Communications among vehicles and with the infrastruc- was carried out. However, whilst longitudinal control has

ture will play a key role to find driverless vehicle in real been solved by automotive manufactures, lateral control in

scenarios. As a matter of fact, several automotive manufac- highways remains as an open research problem.

tures have joined their efforts in the car-to-car (C2C) Com-

munication Consortium where, using an exclusive frequency This paper presents AUTOPIA program approach toward

band for automotive applications, automotive manufactures an automated lateral control in production vehicles for high-

are trying to show communication system technical and ways. The system is based on a high-precision dynamically-

commercial feasibility [3]. generated digital map that is in charge of generating the route


Reliable positioning-based systems capable of locating to follow via a leading vehicle. Using this map, the trailing

vehicles around the world with enough accuracy is one vehicle is capable of following this route. So this can be

of the main problems to obtain a high-precision map to considered as a dedicated lane. The system has been tested

carry out an autonomous guidance. Some solutions based both to maintain the vehicle in the lane and to perform a

on combining several sensors as inertial measurement unit lane-change maneuver. To this end, one of the vehicles from

(IMU) [4], lidar [5] or cameras [6] have been developed but the AUTOPIA program a convertible Citroën C3 Pluriel


has been equipped with the proposed system and several tests

This work was supported by the Spanish Ministry of Science and at high speeds were performed with good results.


Innovation by means of Research Grant TRANSITO TRA2008-06602-C03

and Spanish Ministry of Development by means of Research Grant GUIADE

P9/08 Section II describes the previous results achieved by the


Authors want to thank to Instituto Nacional de Técnica Aeroespacial AUTOPIA program in the context of fully-autonomous vehi-

(INTA), Madrid (Spain) and specially to Ricardo Chicharro for its support cles and cooperative maneuvers among them. The problem to

in the development of this work.


V. Milanés, E. Onieva, J. Pérez, J. Godoy and J. Villagrá be solved to carry out automatic lateral control in highways is

are with the AUTOPIA program of the Center for Automation presented in Sec. III. The trajectory generation is explained in

and Robotics (CAR), Consejo Superior de Investigaciones Sec. IV. The control system based on fuzzy logic is described

Científicas, 28500 Madrid, Spain {vicente.milanes,

enrique.onieva, joshue.perez, jorge.godoy, in Sec. V. Section VI presents the experimental results and,

jorge.villagra}@csic.es finally, some conclusions to this work are outlined.


978-1-4577-2197-7/11/$26.00 ©2011 IEEE 668}
}

@InProceedings{Mingxing2012,
  Title                    = {Decoupling Control for nonlinear models of 4{W}S vehicles with varying longitudinal velocity performance},
  Author                   = {Mingxing, Li and Yingmin, Jia and Junping, Du and Jun, Zhang},
  Booktitle                = {Control Conference (CCC), 2012 31\textsuperscript{st} Chinese},
  Year                     = {2012},
  Organization             = {IEEE},
  Pages                    = {4306--4311},

  File                     = {:01_Paper\\Mingxing2012.pdf:PDF}
}

@InProceedings{Minoiu2007,
  Title                    = {Assistance control based on a composite {Lyapunov} function for lane departure avoidance},
  Author                   = {Minoiu, Nicoleta and Netto, Mariana and Mammar, Said},
  Booktitle                = {Control \& Automation, 2007. MED'07. Mediterranean Conference on},
  Year                     = {2007},
  Organization             = {IEEE},
  Pages                    = {1--6},

  File                     = {:01_Paper\\Minoiu2007.pdf:PDF}
}

@InProceedings{Minoiu2006,
  Title                    = {A new strategy for lane departure avoidance},
  Author                   = {Minoiu, Nicoleta and Netto, Mariana and Mammar, Sa{\i}d and Glaser, S{\'e}bastien},
  Booktitle                = {Computer Aided Control System Design, 2006 IEEE International Conference on Control Applications, 2006 IEEE International Symposium on Intelligent Control, 2006 IEEE},
  Year                     = {2006},
  Organization             = {IEEE},
  Pages                    = {897--902},

  File                     = {:01_Paper\\Minoiu2006.pdf:PDF}
}

@InProceedings{Minoiu2007a,
  Title                    = {A switched optimized approach for road-departure avoidance: implementation results},
  Author                   = {Minoiu, Nicoleta and Netto, Mariana and Mammar, Sa{\i}d and Lusetti, Beno{\^\i}t},
  Booktitle                = {Intelligent Vehicles Symposium, 2007 IEEE},
  Year                     = {2007},
  Organization             = {IEEE},
  Pages                    = {787--792},

  File                     = {:01_Paper\\Minoiu2007a.pdf:PDF}
}

@PhdThesis{Mirwaldt2014,
  Title                    = {Funktionsentwicklung eines Nothalteassistenzsystems bei kardiovaskul{\"{a}}r bedingter Fahrunf{\"{a}}higkeit},
  Author                   = {Mirwaldt, Peter},
  School                   = {Technischen Universität Carolo-Wilhelmina zu Braunschweig},
  Year                     = {2014},

  File                     = {:00_Dissertationen\\Mirwaldt2014.pdf:PDF},
  Owner                    = {Q291274},
  Timestamp                = {2015.03.06}
}

@Misc{Mitschke1991,
  Title                    = {Der Fahrer als adaptiver Regler. FAT Schriftenreihe Nr. 91},

  Author                   = {Mitschke, M and Chen, Z},
  Year                     = {1991},

  File                     = {:01_Paper\\Mitschke1991.pdf:PDF},
  Publisher                = {Frankfurt am Main: Forschungsvereinigung Automobiltechnik e. V.(FAT)}
}

@Book{Mitschke2004,
  Title                    = {Dynamik der Kraftfahrzeuge},
  Author                   = {Mitschke, Manfred and Wallentowitz, Henning},
  Publisher                = {Springer},
  Year                     = {1972},
  Volume                   = {4},

  File                     = {:02_Bücher\\Mitschke2004.pdf:PDF}
}

@Article{Montes2004,
  Title                    = {Lane changing using s-series clothoidal approximation and dual-rate based on Bezier points to controlling vehicle.},
  Author                   = {Mont{\'e}s, N and Tomero, J},
  Journal                  = {WSEAS Transactions on Circuits and Systems},
  Year                     = {2004},
  Number                   = {10},
  Pages                    = {2285--2290},
  Volume                   = {3},

  File                     = {:01_Paper\\Montes2004.pdf:PDF}
}

@Article{Moon2011,
  Title                    = {A driver model for vehicle lateral dynamics},
  Author                   = {Moon, Chulwoo and Choi, Seibum B},
  Journal                  = {International Journal of Vehicle Design},
  Year                     = {2011},
  Number                   = {1},
  Pages                    = {49--80},
  Volume                   = {56},

  File                     = {:01_Paper\\Moon2011.pdf:PDF},
  Publisher                = {Inderscience}
}

@InCollection{Morin2008,
  Title                    = {Motion control of wheeled mobile robots},
  Author                   = {Morin, Pascal and Samson, Claude},
  Booktitle                = {Springer Handbook of Robotics},
  Publisher                = {Springer},
  Year                     = {2008},
  Pages                    = {799--826},

  File                     = {:01_Paper\\Morin2008.pdf:PDF}
}

@InProceedings{Moriwaki1248,
  Title                    = {On Automatic Motion Control with Optimization},
  Author                   = {Katsumi Moriwaki},
  Booktitle                = {SICE Annual Conference in Fukui, August 4-6,2M)3 Fukui University, Japan },
  Year                     = {1248},

  Abstract                 = {Steering a car by hand means that the driver plans a path by

preview and controls the lateral deviation of the vehicle from the planned path 

by the steering wheel. In an automatic car steering system, this path following 

is automated. The deviation is kept small by feedback control via the steering 

motors. The reference trajectory may be calculated from the data of a CCD 

camera and the compensation scheme will be derived by the data of a gyro or 

a GPS. The desired system behavior in the car steering motion is primarily

to obtain good damping and an almost disturbance decoupling property. A 

certain stability margin should be satisfied and the actuator activity should not 

be too high. This desired system behavior is to he made precise by formulating 

performance criteria. In the design process of controller, a design parameter 

is chosen for the optimization process, which results in good damping, our 

primary objective is to approximately keep this damping. At the same time the 

lateral acceleration should be better attenuated in the representative response 

due to a yaw rate initial value disturbance. In order t o study automatic cm 

steering, the steering model must be extended. For the extended steering model 

with output equation whose elements can be measured by equipped sensors,

the optimal regulator is introduced so that the vehicle can tracks the reference 

path. },
  File                     = {:01_Paper\\Moriwaki1248.pdf:PDF},
  Keywords                 = {Autonomous vehicles, Navigation, Optimal control, Servo systems, State-space models},
  Review                   = {SICE Annual Conference in Fukui, August 4-6,2M)3 

Fukui University, Japan 


On Automatic Motion 

Control with Optimization 


Katsumi Moriwaki 

The University of Shiga Prefecture, School of Engineering, 

Department of Mechanical Engineering. Hikone. JAPAN 


~ I 


moriwaki@mech.usp.ac.jp 


Abstract: Steering a car by hand means that the driver plans a path by 

preview and controls the lateral deviation of the vehicle from the planned path 

by the steering wheel. In an automatic car steering system, this path following 

is automated. The deviation is kept small by feedback control via the steering 

motors. The reference trajectory may be calculated from the data of a CCD 

camera and the compensation scheme will be derived by the data of a gyro or 

a GPS. The desired system behavior in the car steering motion is primarily

to obtain good damping and an almost disturbance decoupling property. A 

certain stability margin should be satisfied and the actuator activity should not 

be too high. This desired system behavior is to he made precise by formulating 

performance criteria. In the design process of controller, a design parameter 

is chosen for the optimization process, which results in good damping, our 

primary objective is to approximately keep this damping. At the same time the 

lateral acceleration should be better attenuated in the representative response 

due to a yaw rate initial value disturbance. In order t o study automatic cm 

steering, the steering model must be extended. For the extended steering model 

with output equation whose elements can be measured by equipped sensors,

the optimal regulator is introduced so that the vehicle can tracks the reference 

path. 


Keywords: Autonomous vehicles, Navigation, Optimal control, Servo systems, 

State-space models 


1 Introduction the steering wheel. In an automatic steering sys- 

tem of autonomous vehicles, this path following is 


hfotion control of autonomous vehicles has many automated. The lateral deviation from the refer- 

problems to be considered according to the free- ence path is kept Small by f e e d b d control via the 

dom of motion, ~i~~~ 1 t,he dynamics steering motors. The reference trajectory may he 

model of a four wheel vehicle which is assumed to from the data Of TV Or a CCD 

be a rigid hody, lt has six degrees of freedom - camera. In order to study automation of car steer- 


( ~ 1 u)p and down motion along to a ( ~ 2 ) ing, the steering model must be extended. The 

lateral motion along to a y.&s, ( ~ 3 l)o ngitudi. extended model must include not only velocities, 

rial motion along to an ( ~ 4 ) motion but also the vehicle heading and lateral position 

around an ( ~ 5p)it ching motion around a of the sensor with respect to the reference path. 


( ~ 6y)aw ing motion around a z-axis, For simplicity this extended model mill only be 

A~~~~ them, in order to the automatic derived using the linearized model of a nonlinear 

steering system, be derived the mathemat. model that is valid for small deviations from a sta- 

icdm odel with three degrees of freedom ( F ~ ) tionary circular path. In the next section (Section 

lateral motion &long to a y-axis, ( ~ 3 l)o ngitudi- 2) we derive the extended linear steering model 

rial motion along to an and ( ~ 6 y)a wing from the nonlinear model of four wheel vehicles, 

motion around a =.axis, because it is the most im. and in section 3 the optimal control is considered 

portant system for motion control of autonomous for reference path tracking. A simulation example 

vehicles. is shown in section 4. 


Steering a car by hand meam that the driver 

plans a path by preview and controls the lateral 

deviation of the vehicle from the planned pa, 1248 PR0001/03/0000-2875 W00 0 2003 SICE }
}

@Article{Naab2000,
  Title                    = {Automatisierung bei der Fahrzeugf{\"u}hrung im Stra{\ss}enverkehr},
  Author                   = {Naab, K},
  Journal                  = {Automatisierungstechnik},
  Year                     = {2000},
  Pages                    = {211--223},
  Volume                   = {48},

  File                     = {:01_Paper\\Naab2000.pdf:PDF}
}

@Article{NamJo2000,
  Title                    = {Disturbance Observer with Unknown Relative Degree},
  Author                   = {Nam Jo, Youngjun Joo and Hyungbo Shim},
  Year                     = {2000},

  File                     = {:01_Paper\\NamJo2000.pdf:PDF},
  Owner                    = {Q291274},
  Timestamp                = {2014.05.16}
}

@InProceedings{NengjianWang4244,
  Title                    = {Near Optimal Path Planning for Vehicle with Heading and Curvature Constraints},
  Author                   = {Nengjian Wang, Defu Zhang, Lijie Zhou and Qinhui Liu},
  Year                     = {4244},
  Publisher                = {IEEE},

  File                     = {:01_Paper\\NengjianWang4244.pdf:PDF},
  Review                   = { 

Proceedings of the 8th 


World Congress on Intelligent Control and Automation 

July 6-9 2010, Jinan, China 


 Near Optimal Path Planning for Vehicle with Heading and 


 Curvature Constraints 

 Nengjian Wang, Defu Zhang, Lijie Zhou and Qinhui Liu 

 College of Mechanical and Electrical Engineering 

 Harbin Engineering University 

 Harbin, China 

 zdf713@163.com 


 Abstra ct - A method of path planning is presented based on a processing which meet the curvature constraint include 

discretizati on of the state space, aiming at taking into account of clothoid curve [6], Bezier curve [7] and so on. 

heading and curvature constraints for vehicles which are capable Grid method [8] has been widely used in path planning. It 

of forward and backward motion in this paper. A search space is is very simple to deal with the boundary of obstacles. 

created wit h the heading dimension appended to the grid. Motion 

coding is a chieved efficiently through the connections of states Complex calculation can be avoided. Another advantage is 

using arcs and Bezier curves. Therefore, an Extended Control Set that well-known algorithms can be applied to graph search. 

(ECS) is a ttained and the feasibility of paths in ECS is also The deficiency is that the paths obtained are often composed 

proved ou t. Vehicle path planning in the search space can be of line segments, so there are some cusps, and the points on 

transforme d into heuristic search in which ECS is used. The use paths have no restrictions on heading and curvature. Aiming at 

of Look-Up Table (LUT) has accelerated the search efficiency of the problem, a search space is constructed with the heading the A* algorithm. Simulation results show that the proposed dimension added to grids. Motion coding is finished 

method ca n successfully generate near optimal paths without efficiently through the connections of states using arcs and 

post-proce ssing, and they satisfy the requirements of constraints Bezier curves. Thus, an Extended Control Set (ECS) is 

on heading and curvature. attained. A smooth path can be generated directly in this way. 



 Index Terms - Path Planning; Curvature; Heading; Extended We dont need to generate a polyline path firstly and then 

Control Set ; the A* Algorithm smooth it. 



 I. INTRODUCTION II. PROBLEM STATEMENT 


 Vehic le path planning (VPP) is widely used in areas such 

In this paper, the vehicle is defined as a four-wheeled 


as modern freightage in dock and airplane transport in airport. vehicle with Ackerman Steering. The configuration of it can 

The charac teristics of this kind of VPP problem are as follows: be denoted by q = [x, y, ?]T ? R3, where, (x, y) is the 

the headin g dimension in the vehicles configuration cannot be coordinates of the rear axle midpoint M, ? is the heading angle 

neglected, and it is bounded in movement by its turning between the body axis and the horizontal axis X, and l is the 

radius. Th e goal of path planning [1] is to find a trajectory wheelbase. R is turning radius which is the distance between which can avoid obstacles in working space and meet the instantaneous centre of curvature and centreline of the vehicle. 

curvature constraint and imposed boundary conditions Two inputs of v and ? are driving speed and steering angle at 

between t he start configuration and the target one. The 

shortest pa th planning problem in free space has been solved the point (x, y), respectively. They are limited within |v| ? vmax, 

currently [ 2], but the path planning problem for vehicle with |?| ??max<?/2.The vehicle moves on two-dimensional plane. 

heading a nd curvature constraints in obstacle space is still There are several obstacles Oi on the plane, where worthy of further study. i?{1,,n}. Fig. 1 displays a schematic model of the vehicle. At present, the study on path planning mainly focuses on 

mobile ro bot. Lots of well-studied path planning methods 

generate o ptimal or sub-optimal paths. But most of these take 

the shorte st path [3, 4] as the only performance indicator ?

without co nsidering the smooth level of got path. Generated paths are composed of line segments, which do not facilitate ?

vehicles tracking and control. Path planning methods that v

commonly used are as follows: firstly, finding a collision-free 

path which consists of line segments. Secondly, using a curve 

which m eets the curvature constraint to iterative 


?


approxima tion the path [5] or smooth the path [6].The disadvantage of this approach is its computational complexity. Fig. 1 Vehicle model. 

Since the generated path in the first step is made up of several 

line segme nts, it is necessary to carry out the post-processing Steering angle is limited in some scope due to mechanical 

of path s moothing. Available curves for smoothing post- constraints. Turning radius is constrained by Rmin=l/tan?max, 




 4514


 978-1-4244-6712-9/10/$26.00 ©2010 IEEE }
}

@InProceedings{Netto2006,
  Title                    = {A new robust control system with optimized use of the lane detection data for vehicle full lateral control under strong curvatures},
  Author                   = {Netto, Mariana and Blosseville, J-M and Lusetti, Benoit and Mammar, Said},
  Booktitle                = {Intelligent Transportation Systems Conference, 2006. ITSC'06. IEEE},
  Year                     = {2006},
  Organization             = {IEEE},
  Pages                    = {1382--1387},

  File                     = {:01_Paper\\Netto2006.pdf:PDF}
}

@InProceedings{Netto2004,
  Title                    = {Lateral adaptive control for vehicle lane keeping},
  Author                   = {Netto, Mariana S and Chaib, Salim and Mammar, Said},
  Booktitle                = {American Control Conference, 2004. Proceedings of the 2004},
  Year                     = {2004},
  Organization             = {IEEE},
  Pages                    = {2693--2698},
  Volume                   = {3},

  File                     = {:01_Paper\\Netto2004.pdf:PDF}
}

@InProceedings{Neukum2006,
  Title                    = {{AC}C-Stop\&Go: Fahrerverhalten an funktionalen Systemgrenzen},
  Author                   = {Neukum and A and L{\"{u}}bbeke and T and Kr{\"{u}}ger and H.-P and Mayser and C.{\dag} \& Steinle and J},
  Year                     = {2006},

  File                     = {:01_Paper\\Neukum2006.pdf:PDF},
  Review                   = {ACC-Stop&Go: Fahrerverhalten an funktionalen 

Systemgrenzen 


Neukum, A.*, Lübbeke, T.*, Krüger, H.-P.*, 

Mayser, C. & Steinle, J. 



Zusammenfassung: Der Beitrag beschreibt Methodik und Ergebnisse einer Untersuchung zum 

Fahrerverhalten an funktionalen Systemgrenzen eines ACC-Stop&Go Systems. Die Studie wurde 

im realen Verkehr durchgeführt und konzentrierte sich auf die Fahrerreaktion bei Annäherung an 

ein stehendes Hindernis im Niedriggeschwindigkeitsbereich. Als Prüfsituation diente das Be-

schleunigen auf ein stehendes Hindernis nach vorausgehendem Zielobjektverlust. Die Ergebnisse 

weisen auf, dass alle Fahrer in der Lage sind, das Fahrzeug rechtzeitig zum Stillstand zu bringen. 

Die subjektiven Beurteilungen zeigen jedoch, dass die Situation von einem erheblichen Anteil der 

Fahrer als kritisch bewertet wird. Die Urteile der Fahrer werden gestützt durch objektive Kennwer-

te (TTC, Längsverzögerung). Bei mehrfacher Konfrontation mit der Prüfsituation zeigt sich ein 

starker Lerneffekt. 


Schlüsselwörter: Fahrerassistenz, ACC, Systemgrenzen, Sicherheitsbewertung, Controllability. 




1 Einleitung 

Ein wesentlicher Aspekt der Bewertung der Controllability ist der sichere Umgang mit 

Assistenzsystemen an funktionalen Systemgrenzen oder bei Systemfehlern (RESPONSE 

Consortium, 2006). Der Nachweis der Beherrschbarkeit kann  entsprechend den Empfeh-

lungen des im EU-Projekt RESPONSE III erarbeiteten Code of Practice  anhand eines 

Probandenversuchs erfolgen. Standardisierte Prüfanordnungen oder Empfehlungen liegen 

bislang nicht vor. Insgesamt finden sich zur Frage der Fahrerreaktion an Systemgrenzen 

oder bei Systemfehlern auch nur wenige Veröffentlichungen (vgl. Stanton & Young, 

1998). 

In Bezug auf den Nachweis der Beherrschbarkeit ergeben sich neben inhaltlichen Aspek-

ten, die sich mit den Folgen von Automation beschäftigen (einen Überblick gibt z.B. Lee, 

2006), vor allem methodische Fragen. In der Literatur thematisiert wird hier vor allem die 


______________________________ 

* Dipl.-Psych. Alexandra Neukum, IZVW, Universität Würzburg, (e-mail: neukum@psychologie.uni-wuerzburg.de). 

* Dipl.-Psych. Thomas Lübbeke, IZVW, Universität Würzburg, (e-mail: luebbeke@psychologie.uni-wuerzburg.de). 

* Prof. Dr. Hans-Peter Krüger, IZVW, Universität Würzburg, (e-mail: krueger@psychologie.uni-wuerzburg.de). 

 Dipl.-Ing. Christoph Mayser, BMW Group, (e-mail: christoph.mayser@bmw.de).

 Dr.-Ing. Joachim Steinle, BMW Group, (e-mail: joachim.steinle@bmw.de).}
}

@PhdThesis{Niehues2013,
  Title                    = {Ein Beitrag zur hochgenauen Positionsbestimmung von Fahrzeugen als Grundlage autonomer Fahrregime im Hochgeschwindigkeitsbereich},
  Author                   = {Niehues, Daniel},
  Year                     = {2013},

  File                     = {:00_Dissertationen\\Niehues2013.pdf:PDF}
}

@Article{Niehues2010,
  Title                    = {Der BMW TrackTrainer--automatisiertes Fahren im Grenzbereich auf der N{\"u}rburgring Nordschleife.},
  Author                   = {Niehues, Dipl-Ing Daniel},
  Year                     = {2010},

  File                     = {:01_Paper\\Niehues2010.pdf:PDF},
  Owner                    = {Q291274},
  Timestamp                = {2014.04.20}
}

@PhdThesis{Nitz2010,
  Title                    = {Entwicklung eines Systems zur aktiven Bremsung eines Fahrzeugs in Gefahrensituationen},
  Author                   = {Nitz, Gregor},
  School                   = {Technische Universit{\"a}t M{\"u}nchen},
  Year                     = {2010},

  Publisher                = {Shaker}
}

@PhdThesis{Odenthal2002,
  Title                    = {Ein robustes Fahrdynamik-Regelungskonzept f{\"u}r die Kippvermeidung von Kraftfahrzeugen},
  Author                   = {Odenthal, Dirk},
  School                   = {Technische Universit{\"a}t M{\"u}nchen},
  Year                     = {2002},

  File                     = {:00_Dissertationen\\Odenthal2002.pdf:PDF}
}

@Article{Ohnishi1987,
  Title                    = {A new servo method in mechatronics},
  Author                   = {Ohnishi, Kouhei},
  Journal                  = {Transactions of the Japan Society of Electrical Engineering},
  Year                     = {1987},
  Pages                    = {83--86},
  Volume                   = {107},

  Abstract                 = {Erstes DOB-Paper}
}

@PhdThesis{Orend2006,
  Title                    = {Integrierte Fahrdynamikregelung mit Einzelradaktorik},
  Author                   = {Orend, Ralf},
  School                   = {Universit{\"a}t Erlangen-N{\"u}rnberg},
  Year                     = {2007},

  File                     = {:00_Dissertationen\\Orend2006.pdf:PDF},
  Journal                  = {Doktorarbeit, Technische Fakult{\"a}t der Universit{\"a}t Erlangen-N{\"u}rnberg}
}

@InProceedings{Orend2005,
  Title                    = {Modelling and control of a vehicle with single-wheel chassis actuators},
  Author                   = {Orend, Ralf},
  Booktitle                = {Proceedings of the 16\textsuperscript{th} IFAC World Congress, Prague},
  Year                     = {2005},

  File                     = {:01_Paper\\Orend2005.pdf:PDF}
}

@Article{Orend2005a,
  Title                    = {Steuerung der ebenen Fahrzeugbewegung mit optimaler Nutzung der Kraftschlusspotentiale aller vier Reifen (Vehicle Dynamics Feedforward Control with Optimal Utilisation of the Adhesion Potentials of all four Tyres)},
  Author                   = {Orend, Ralf},
  Journal                  = {at--Automatisierungstechnik/Methoden und Anwendungen der Steuerungs-, Regelungs-und Informationstechnik},
  Year                     = {2005},
  Number                   = {1/2005},
  Pages                    = {20--27},
  Volume                   = {53},

  File                     = {:01_Paper\\Orend2005a.pdf:PDF}
}

@Article{Pacejka1992,
  Title                    = {The magic formula tyre model},
  Author                   = {Pacejka, Hans B and Bakker, Egbert},
  Journal                  = {Vehicle system dynamics},
  Year                     = {1992},
  Number                   = {S1},
  Pages                    = {1--18},
  Volume                   = {21},

  Publisher                = {Taylor \& Francis}
}

@InProceedings{Papadimitriou2003,
  Title                    = {Fast lane changing computations using polynomials},
  Author                   = {Papadimitriou, Iakovos and Tomizuka, Masayoshi},
  Booktitle                = {Proceedings of the American Control Conference},
  Year                     = {2003},
  Organization             = {IEEE},
  Pages                    = {48--53},
  Volume                   = {1},

  File                     = {:01_Paper\\Papadimitriou2003.pdf:PDF},
  Review                   = {Trajekorienplanung mit Polynomen 5. Ordnung.
Kollisionscheck durch Kreisapproximation für Fahrzeuge.}
}

@Book{Papageorgiou2012,
  Title                    = {Optimierung},
  Author                   = {Papageorgiou, Markos},
  Publisher                = {Springer},
  Year                     = {2012},

  File                     = {:02_Bücher\\Papageorgiou2012.pdf:PDF}
}

@InProceedings{Park2012,
  Title                    = {Rejection of polynomial-in-time disturbances via disturbance observer with guaranteed robust stability},
  Author                   = {Park, Gyunghoon and Joo, Youngjun and Shim, Hyungbo and Back, Juhoon},
  Booktitle                = {Decision and Control (CDC), 2012 IEEE 51\textsuperscript{st} Annual Conference on},
  Year                     = {2012},
  Organization             = {IEEE},
  Pages                    = {949--954},

  File                     = {:01_Paper\\Park2012.pdf:PDF}
}

@InProceedings{Park2007,
  Title                    = {Disturbance observer based robust control for industrial robots with flexible joints},
  Author                   = {Park, Sang-Kyun and Lee, Sang-Hun},
  Booktitle                = {International Conference on Control, Automation and Systems},
  Year                     = {2007},
  Pages                    = {584--589},

  File                     = {:01_Paper\\Park2007.pdf:PDF}
}

@Article{Peng1992,
  Title                    = {Experimental automatic lateral control system for an automobile},
  Author                   = {Peng, Huei and Zhang, Wei-bin and Arai, Alan and Lin, Ye and Hessburg, Thomas and Devlin, Peter and Tomizuka, Masayoshi and Shladover, Steven},
  Year                     = {1992},

  File                     = {:01_Paper\\Peng1992.pdf:PDF}
}

@Book{Pfeffer2011,
  Title                    = {Lenkungshandbuch},
  Author                   = {Pfeffer, Peter and Harrer, Manfred},
  Publisher                = {Springer},
  Year                     = {2011},

  File                     = {:02_Bücher\\Pfeffer2011.pdf:PDF},
  Journal                  = {Wiesbaden: Vieweg+ Teubner Verlag| Springer Fachmedien Wiesbaden GmbH}
}

@InProceedings{Pham1994,
  Title                    = {Combined lateral and longitudinal control of vehicles for IVHS},
  Author                   = {Pham, Hung and Hedrick, Karl and Tomizuka, Masayoshi},
  Booktitle                = {American Control Conference, 1994},
  Year                     = {1994},
  Organization             = {IEEE},
  Pages                    = {1205--1206},
  Volume                   = {2},

  File                     = {:01_Paper\\Pham1994.pdf:PDF}
}

@InProceedings{Pivtoraiko2005,
  Title                    = {Efficient constrained path planning via search in state lattices},
  Author                   = {Pivtoraiko, Mihail and Kelly, Alonzo},
  Booktitle                = {International Symposium on Artificial Intelligence, Robotics, and Automation in Space},
  Year                     = {2005},

  File                     = {:01_Paper\\Pivtoraiko2005.pdf:PDF}
}

@Article{Ploechl2007,
  Title                    = {Driver models in automobile dynamics application},
  Author                   = {Pl{\"o}chl, Manfred and Edelmann, Johannes},
  Journal                  = {Vehicle System Dynamics},
  Year                     = {2007},
  Number                   = {7-8},
  Pages                    = {699--741},
  Volume                   = {45},

  File                     = {:01_Paper\\Ploechl2007.pdf:PDF},
  Publisher                = {Taylor \& Francis}
}

@Book{Pontrjagin1964,
  Title                    = {Mathematische Theorie optimaler Prozesse},
  Author                   = {Pontrjagin, Lev S and Boltjanskij, VG and Gamkrelidze, RV and Miscenko, EF},
  Publisher                = {R. Oldenbourg M{\"u}nchen-Wien},
  Year                     = {1964},

  Abstract                 = {Maximumsprinzip}
}

@TechReport{Prestl2000,
  Title                    = {The BMW active cruise control ACC},
  Author                   = {Prestl, Willibald and Sauer, Thomas and Steinle, Joachim and Tschernoster, Oliver},
  Institution              = {SAE Technical Paper},
  Year                     = {2000}
}

@Article{Preuse2001,
  Title                    = {Fahrzeugfuhrung durch ein Fahrermodell},
  Author                   = {Preu{\ss}e, Christian and Keller, Helmut and Hunt, Kenneth J},
  Journal                  = {Automatisierungstechnik},
  Year                     = {2001},
  Pages                    = {540--546},
  Volume                   = {12},

  File                     = {:01_Paper\\Preuse2001.pdf:PDF},
  Publisher                = {Oldenbourg Wissenschaftsverlag GmbH}
}

@Article{Preuse2001a,
  Title                    = {Fahrzeugf{\"u}hrung durch ein Fahrermodell (Trajectory Finding as Part of a Driver Model)},
  Author                   = {Preu{\ss}e, Ch and Keller, Helmut and Hunt, Kenneth J},
  Journal                  = {at-Automatisierungstechnik Methoden und Anwendungen der Steuerungs-, Regelungs-und Informationstechnik},
  Year                     = {2001},
  Number                   = {12/2001},
  Pages                    = {540},
  Volume                   = {49},

  File                     = {:01_Paper\\Preuse2001a.pdf:PDF}
}

@MastersThesis{Pu2004,
  Title                    = {Bestimmung von Optimaltrajektorien f{\"{u}}r das L{\"{a}}ngsparkieren eines Fahrzeugs},
  Author                   = {Pu},
  Year                     = {2004},

  File                     = {:06_Abschlussarbeiten\\Pu2004.pdf:PDF},
  Owner                    = {Q291274},
  Timestamp                = {2014.04.20}
}

@Article{Raffo2009,
  Title                    = {A predictive controller for autonomous vehicle path tracking},
  Author                   = {Raffo, Guilherme V and Gomes, Guilherme K and Normey-Rico, Julio E and Kelber, Christian Roberto and Becker, Leandro B},
  Journal                  = {Intelligent Transportation Systems, IEEE Transactions on},
  Year                     = {2009},
  Number                   = {1},
  Pages                    = {92--102},
  Volume                   = {10},

  File                     = {:01_Paper\\Raffo2009.pdf:PDF},
  Publisher                = {IEEE}
}

@Article{Rasmussen1983,
  Title                    = {Skills, rules, and knowledge; signals, signs, and symbols, and other distinctions in human performance models},
  Author                   = {Rasmussen, Jens},
  Journal                  = {IEEE Transactions on Systems, Man and Cybernetics},
  Year                     = {1983},
  Number                   = {3},
  Pages                    = {257--266},

  Publisher                = {IEEE}
}

@Article{Rathgeber2015bx,
  Title                    = {Disturbance Observer for Lateral Trajectory Tracking Control for Autonomous and Cooperative Driving},
  Author                   = {Christian Rathgeber},
  Year                     = {2015},

  File                     = {:01_Paper\\Rathgeber2015b.pdf:PDF},
  Owner                    = {Q366435},
  Timestamp                = {2015.06.08}
}

@Article{Rathgeber2015cx,
  Title                    = {Optimal Trajectories for Highly Automated Driving},
  Author                   = {Christian Rathgeber},
  Year                     = {2015},

  File                     = {:01_Paper\\.pdf:PDF},
  Owner                    = {Q366435},
  Timestamp                = {2015.06.08}
}

@MastersThesis{Rathgeber2012x,
  Title                    = {Entwicklung einer vollst{\"{a}}ndigen Simulationsumgebung f{\"{u}}r and den Parkman{\"{o}}verassistenten und Erweiterung der bestehenden Regelungsstruktur},
  Author                   = {Christian Rathgeber},
  Year                     = {2012},

  File                     = {:06_Abschlussarbeiten\\Rathgeber2012.pdf:PDF},
  Review                   = {Diplomarbeit


Entwicklung einer vollständigen Simulationsumgebung für

den Parkmanöverassistenten und Erweiterung der


bestehenden Regelungsstruktur


Christian Rathgeber


30. März 2012


Betreuer: Dipl.-Ing. Alexander Naß


Dr.-Ing. Franz J. Winkler (BMW AG)


Dipl.-Ing. Stephan Roeckenwagner (BMW AG)


Institut: Lehrstuhl für Automatisierung und Informationssysteme


Technische Universität München}
}

@InProceedings{Rathgeber2015ax,
  Title                    = {Disturbance Observer for Lateral Trajectory Tracking Control for autonomous and cooperative Driving},
  Author                   = {Rathgeber, Christian and Winkler, Franz and Odenthal, Dirk and M\"uller, Steffen},
  Booktitle                = {International Conference on Control, Automation and Robotics (ICCAR)},
  Year                     = {2015},

  File                     = {:01_Paper\\Rathgeber2015a.pdf:PDF}
}

@InProceedings{Rathgeber2015x,
  Title                    = {Optimal Trajectories for highly automated Driving},
  Author                   = {Rathgeber, Christian and Winkler, Franz and Odenthal, Dirk and M\"uller, Steffen},
  Booktitle                = {International Conference on Control, Automation and Robotics (ICCAR)},
  Year                     = {2015},

  File                     = {:01_Paper\\Rathgeber2015.pdf:PDF}
}

@InProceedings{Rathgeber2014x,
  Title                    = {Lateral trajectory tracking control for autonomous vehicles},
  Author                   = {Rathgeber, Christian and Winkler, Franz and Odenthal, Dirk and M\"uller, Steffen},
  Booktitle                = {European Control Conference (ECC)},
  Year                     = {2014},
  Organization             = {IEEE},
  Pages                    = {1024--1029}
}

@Article{Rauch2012,
  Title                    = {Autonomes Fahren auf der Autobahn--eine Potentialstudie f{\"u}r zuk{\"u}nftige Fahrerassistenzsysteme. 5},
  Author                   = {Rauch, S and Aeberhard, M and Ardelt, M and K{\"a}mpchen, N},
  Journal                  = {Tagung Aktive Sicherheit durch Fahrerassistenz. M{\"u}nchen},
  Year                     = {2012},

  File                     = {:01_Paper\\Rauch2012.pdf:PDF},
  Owner                    = {Q291274},
  Timestamp                = {2014.04.20}
}

@PhdThesis{Reichardt1996,
  Title                    = {Kontinuierliche Verhaltenssteuerung eines autonomen Fahrzeugs in dynamischer Umgebung.},
  Author                   = {Reichardt, Dirk},
  School                   = {Universit{\"a}t Kaiserslautern},
  Year                     = {1996},

  File                     = {:00_Dissertationen\\Reichardt1996.pdf:PDF}
}

@Article{Reichel2010,
  Title                    = {Erweiterte Umfelderkennung und Nutzung einer Ausweichanalyse als Grundlage einer aktiven Gefahrenbremsung},
  Author                   = {Reichel, M and Bouzouraa, Mohamed E and Siegel, Andreas and Siedersberger, Karl-Heinz and Maurer, Markus},
  Journal                  = {Tagungsband: Automatisierungssysteme, Assistenzsysteme und eingebettete Systeme f{\"u}r Transportmittel (AAET 2010), Braunschweig, Germany},
  Year                     = {2010},

  File                     = {:01_Paper\\Reichel2010.pdf:PDF}
}

@Book{Reimpell1991,
  Title                    = {Burckhardt, Manfred: Fahrwerktechnik: Bremsdynamik und Pkw-Bremsanlagen},
  Author                   = {Reimpell, J{\"o}rnsen},
  Year                     = {1991},

  File                     = {:02_Bücher\\Reimpell1991.pdf:PDF},
  Journal                  = {Vogel, W{\"u}rzburg}
}

@PhdThesis{Reinisch2012,
  Title                    = {Eine risikoadaptive Eingriffsstrategie f{\"u}r Gefahrenbremssysteme},
  Author                   = {Reinisch, Philipp},
  School                   = {Universit{\"a}t Duisburg-Essen},
  Year                     = {2012},

  File                     = {:00_Dissertationen\\Reinisch2012.pdf:PDF}
}

@Book{Reuter1972,
  Title                    = {Regelungstechnik f{\"u}r Ingenieure},
  Author                   = {Reuter, Manfred and Zacher, Serge},
  Publisher                = {Vieweg},
  Year                     = {1972},

  File                     = {:02_Bücher\\Reuter1972.pdf:PDF}
}

@Article{Riekert1940,
  Title                    = {Zur {F}ahrmechanik des gummibereiften {K}raftfahrzeugs},
  Author                   = {Riekert, Paul and Schunck, Theo-Ernst},
  Journal                  = {Ingenieur-Archiv},
  Year                     = {1940},
  Number                   = {3},
  Pages                    = {210--224},
  Volume                   = {11},

  Publisher                = {Springer}
}

@InProceedings{Rill2006,
  Title                    = {First order tire dynamics},
  Author                   = {Rill, Georg},
  Booktitle                = {Proceedings of the III European Conference on Computational Mechanics Solids, Structures and Coupled Problems in Engineering},
  Year                     = {2006},
  Volume                   = {58},

  File                     = {:01_Paper\\Rill2006.pdf:PDF}
}

@Article{Risch2002,
  Title                    = {Der Kamm'sche Kreis},
  Author                   = {Risch, Matthias},
  Journal                  = {Praxis der Naturwissenschaften-Physik},
  Year                     = {2002},
  Number                   = {5/51},
  Pages                    = {7--12},

  File                     = {:01_Paper\\Risch2002.pdf:PDF}
}

@InProceedings{Rittenschober2005,
  Title                    = {Fahrdynamikregelung mit differentialgeometrischen Methoden der Regelungstechnik},
  Author                   = {Rittenschober, Thomas and Fischer, Peter and Schlacher, Kurt and Fuchshumer, Stefan},
  Booktitle                = {Tagungsband Internationales Forum Mechatronik, Bayerisches Kompetenznetzwerk f{\"u}r Mechatronik},
  Year                     = {2005},
  Organization             = {Augsburg Germany},
  Pages                    = {31--50},

  File                     = {:01_Paper\\Rittenschober2005.pdf:PDF}
}

@Article{Roppenecker,
  Title                    = {Zustandsregelung linearer Systeme - Eine Neubetrachtung.},
  Author                   = {Roppenecker, G},
  Journal                  = {at--Automatisierungstechnik},
  Year                     = {2009},
  Volume                   = {57},

  File                     = {:01_Paper\\Roppenecker.pdf:PDF},
  Publisher                = {S}
}

@Article{Roppenecker1990a,
  Title                    = {Zeitbereichsentwurf linearer Regelungen},
  Author                   = {Roppenecker, G},
  Journal                  = {M{\"u}nchen, R. Oldenburg},
  Year                     = {1990}
}

@Book{Roppenecker1990,
  Title                    = {Zeitbereichsentwurf linearer Regelungen: grundlegende Strukturen und eine allgemeine Methodik ihrer Parametrierung},
  Author                   = {Roppenecker, G{\"u}nter},
  Year                     = {1990}
}

@Article{Rosinova2003,
  Title                    = {A necessary and sufficient condition for static output feedback stabilizability of linear discrete-time systems},
  Author                   = {Rosinov{\'a}, Danica and Vesel{\`y}, Vojtech and Kucera, Vladim{\'\i}r},
  Journal                  = {Kybernetika},
  Year                     = {2003},
  Number                   = {4},
  Pages                    = {447--459},
  Volume                   = {39},

  File                     = {:01_Paper\\Rosinova2003.pdf:PDF},
  Publisher                = {Institute of Information Theory and Automation AS CR}
}

@Article{Rossetter2004,
  Title                    = {Experimental validation of the potential field lanekeeping system},
  Author                   = {Rossetter, EJ and Switkes, JP and Gerdes, JC},
  Journal                  = {International journal of automotive technology},
  Year                     = {2004},
  Number                   = {2},
  Pages                    = {95--108},
  Volume                   = {5},

  File                     = {:01_Paper\\Rossetter2004.pdf:PDF}
}

@PhdThesis{Rossetter2003,
  Title                    = {A potential field framework for active vehicle lanekeeping assistance},
  Author                   = {Rossetter, Eric J},
  School                   = {stanford university},
  Year                     = {2003},

  File                     = {:00_Dissertationen\\Rossetter2003.pdf:PDF}
}

@InProceedings{Rossetter2002,
  Title                    = {A study of lateral vehicle control under a {\textquoteleft}virtual{\textquoteright}force framework},
  Author                   = {Rossetter, Eric J and Gerdes, J Christian},
  Booktitle                = {Proceedings of the International Symposium on Advanced Vehicle Control, Hiroshima, Japan},
  Year                     = {2002},

  File                     = {:01_Paper\\Rossetter2002.pdf:PDF}
}

@Article{Rothfus2008,
  Title                    = {Anwendung der flachheitsbasierten Analyse und Regelung nichtlinearer Mehrgr{\"{o}\ss}ensysteme},
  Author                   = {Rothfu{\ss}},
  Year                     = {2008},

  File                     = {:01_Paper\\Rothfus2008.pdf:PDF},
  Owner                    = {Q291274},
  Timestamp                = {2014.04.20}
}

@Article{Rothfuss1997,
  Title                    = {Flachheit: ein neuer Zugang zur Steuerung und Regelung nichtlinearer Systeme},
  Author                   = {Rothfuss, Ralf and Rudolph, Joachim and Zeitz, Michael},
  Journal                  = {Automatisierungstechnik},
  Year                     = {1997},
  Number                   = {11},
  Pages                    = {517--525},
  Volume                   = {45},

  File                     = {:01_Paper\\Rothfuss1997.pdf:PDF}
}

@InProceedings{Saito2012,
  Title                    = {A filter design method in disturbance observer for improvement of robustness against disturbance in time delay system},
  Author                   = {Saito, Eiichi and Katsura, Seiichiro},
  Booktitle                = {IEEE International Symposium on Industrial Electronics},
  Year                     = {2012},
  Organization             = {IEEE},
  Pages                    = {1650--1655},

  File                     = {:01_Paper\\Saito2012.pdf:PDF}
}

@InCollection{Samson2008,
  Title                    = {Motion control of wheeled mobile robots},
  Author                   = {Samson, Claude},
  Booktitle                = {Springer Handbook of Robotics},
  Publisher                = {Springer},
  Year                     = {2008},
  Pages                    = {799--826},

  File                     = {:02_Bücher\\Samson2008.pdf:PDF}
}

@PhdThesis{Schaller2009,
  Title                    = {Stauassistenz-L\"angs-und Querf\"uhrung im Bereich niedriger Geschwindigkeit},
  Author                   = {Schaller, Thomas},
  School                   = {M\"unchen, Techn. Univ., Diss., 2009},
  Year                     = {2009},

  File                     = {:00_Dissertationen\\Schaller2009.pdf:PDF}
}

@InProceedings{Scheuer1997,
  Title                    = {Continuous-curvature path planning for car-like vehicles},
  Author                   = {Scheuer, Alexis and Fraichard, Th},
  Booktitle                = {Intelligent Robots and Systems, 1997. IROS'97., Proceedings of the 1997 IEEE/RSJ International Conference on},
  Year                     = {1997},
  Organization             = {IEEE},
  Pages                    = {997--1003},
  Volume                   = {2},

  File                     = {:01_Paper\\Scheuer1997.pdf:PDF}
}

@InProceedings{Schieben2008,
  Title                    = {Haptisches feedback im spektrum von fahrerassistenz und automation},
  Author                   = {Schieben, Anna and Damb{\"o}ck, Daniel and Kelsch, Johann and Rausch, Herbert and Flemisch, Frank},
  Booktitle                = {Proceedings of},
  Year                     = {2008},
  Pages                    = {7--8},
  Volume                   = {3},

  File                     = {:00_Dissertationen\\Schieben2008.pdf:PDF}
}

@Book{Schlippe1942,
  Title                    = {Zur Mechanik des Luftreifens},
  Author                   = {Schlippe, Boris and Dietrich, Rudolf},
  Publisher                = {Oldenbourg},
  Year                     = {1942}
}

@PhdThesis{Schmid2013,
  Title                    = {Umgebungserfassung f{\"{u}}r Fahrerassistenzsysteme mit hierarchischen Belegungskarten},
  Author                   = {Schmid, Matthias Roland},
  School                   = {München, Univ. der Bundeswehr, Diss., 2012},
  Year                     = {2013},

  File                     = {:00_Dissertationen\\Schmid2013.pdf:PDF}
}

@PhdThesis{Schmidt2009,
  Title                    = {Haptische Signale in der Lenkung: Controllability zus{\"a}tzlicher Lenkmomente},
  Author                   = {Schmidt, Gerrit},
  School                   = {Dt. Zentrum f{\"u}r Luft-und Raumfahrt, Inst. f{\"u}r Verkehrssystemtechnik},
  Year                     = {2009},

  File                     = {:00_Dissertationen\\Schmidt2009.pdf:PDF}
}

@PhdThesis{Schneider2009,
  Title                    = {Modellierung und Erkennung von Fahrsituationen und Fahrman{\"o}vern f{\"u}r sicherheitsrelevante Fahrerassistenzsysteme},
  Author                   = {Schneider, J{\"o}rg Henning},
  Year                     = {2009},

  File                     = {:00_Dissertationen\\Schneider2009.pdf:PDF}
}

@PhdThesis{Schroeder2009,
  Title                    = {Adaptive Verhaltensentscheidung und Bahnplanung f{\"u}r kognitive Automobile},
  Author                   = {Schr{\"o}der, Joachim},
  Year                     = {2009},

  File                     = {:00_Dissertationen\\Schroeder2009.pdf:PDF},
  Publisher                = {KIT Scientific Publishing}
}

@Book{Schrader2010,
  Title                    = {Intelligente Verfahren: Identifikation und Regelung nichtlinearer Systeme},
  Author                   = {Schrader, Dierk and Schroder, Dierk},
  Publisher                = {Springer},
  Year                     = {2010},

  File                     = {:02_Bücher\\Schrader2010.pdf:PDF}
}

@Book{Schramm2010,
  Title                    = {Modellbildung und Simulation der Dynamik von Kraftfahrzeugen},
  Author                   = {Schramm, Dieter and Hiller, Manfred and Bardini, Roberto},
  Publisher                = {Springer},
  Year                     = {2010},

  File                     = {:02_Bücher\\Schramm2010.pdf:PDF}
}

@PhdThesis{Schreiber2012,
  Title                    = {Konzeptionierung und Evaluierung eines Ansatzes zu einer man{\"o}verbasierten Fahrzeugf{\"u}hrung im Nutzungskontext Autobahnfahrten},
  Author                   = {Schreiber, Michael},
  Year                     = {2012},

  File                     = {:00_Dissertationen\\Schreiber2012.pdf:PDF},
  Publisher                = {TU Darmstadt},
  Review                   = {Donges Drei-Ebenen-Modell beschrieben
Manöverbasierter Ansatz, wie Conduct-by-wire}
}

@InProceedings{Fahrerverhaltens1124,
  Title                    = {Analyse des Fahrerverhaltens zur Darstellung adaptiver Eingriffsstrategien von Assistenzsystemen},
  Author                   = {Schulz},
  Year                     = {1124},

  File                     = {:01_Paper\\Fahrerverhaltens1124.pdf:PDF},
  Review                   = {FoRSchUng Assistenzsysteme


Analyse des Fahrerverhaltens zur 

Darstellung adaptiver Eingriffs-

strategien von Assistenzsystemen

Assistenzsysteme, deren Eingriffstrategien auf durchschnittlichen Erwartungswerten beruhen, verschenken 

 Potenzial sowohl in Hinblick auf die Fahrsicherheit als auch auf die zu erwartende Nutzerakzeptanz, weil sie weder 

den Vorstellungen noch dem Unterstützungsbedarf aller Fahrer genügen. Eine Möglichkeit, den intra- und inter-

individuellen Unterschieden im Fahrerverhalten gerecht zu werden, stellt die Analyse des Fahrstils und die 

 Ableitung fahrer- und situationsgerechter Fahrerassistenz dar. Am Fachgebiet Kraftfahrzeuge der Technischen 

Universität Berlin wurde dazu ein Ansatz erarbeitet, der die Potenziale fahreradaptiver Unterstützung am Beispiel 

eines Brems assistenten darstellt. Die Diplomarbeit zu diesem Thema gewann den Hermann-Appel-Preis 2007, der 

von der IAV GmbH verliehen wird.


1124 ATZ 12I2008 Jahrgang}
}

@Book{Sciavicco2009,
  Title                    = {Robotics: modelling, planning and control},
  Author                   = {Sciavicco, Lorenzo and Villani, Luigi},
  Publisher                = {Springer},
  Year                     = {2009}
}

@PhdThesis{Seyffarth2012,
  Title                    = {Bildbasierte Abstandsregelung fu?r Kraftfahrzeuge},
  Author                   = {Seyffarth, Torsten},
  School                   = {Mu?nchen, Technische Universita?t Mu?nchen, Diss., 2012},
  Year                     = {2012},

  File                     = {:00_Dissertationen\\Seyffarth2012.pdf:PDF}
}

@InProceedings{Shahruz2002,
  Title                    = {Suppression of effects of nonlinearities in a class of nonlinear systems by disturbance observers},
  Author                   = {Shahruz, SM and Cloet, C and Tomizuka, M},
  Booktitle                = {Proceedings of the 2002 American Control Conference},
  Year                     = {2002},
  Organization             = {IEEE},
  Pages                    = {2340--2345},
  Volume                   = {3},

  File                     = {:01_Paper\\Shahruz2002.pdf:PDF}
}

@InProceedings{Shahruz2004,
  Title                    = {Suppression of effects of nonlinearities by disturbance observers},
  Author                   = {Shahruz, Shahram M},
  Booktitle                = {Proceedings of the 2004 American Control Conference},
  Year                     = {2004},
  Organization             = {IEEE},
  Pages                    = {4342--4347},
  Volume                   = {5},

  File                     = {:01_Paper\\Shahruz2004.pdf:PDF}
}

@Article{Shakouri2011,
  Title                    = {Adaptive cruise control system: Comparing gain-scheduling PI and LQ controllers},
  Author                   = {Shakouri, P and Ordys, A and Laila, DS and Askari, M},
  Journal                  = {tc},
  Year                     = {2011},
  Number                   = {1},
  Pages                    = {1},
  Volume                   = {2},

  File                     = {:01_Paper\\Shakouri2011.pdf:PDF}
}

@Article{Shamir2004,
  Title                    = {How should an autonomous vehicle overtake a slower moving vehicle: Design and analysis of an optimal trajectory},
  Author                   = {Shamir, Tzila},
  Journal                  = {Automatic Control, IEEE Transactions on},
  Year                     = {2004},
  Number                   = {4},
  Pages                    = {607--610},
  Volume                   = {49},

  File                     = {:01_Paper\\Shamir2004.pdf:PDF},
  Publisher                = {IEEE}
}

@Article{Shim2009,
  Title                    = {An almost necessary and sufficient condition for robust stability of closed-loop systems with disturbance observer},
  Author                   = {Shim, Hyungbo and Jo, Nam H},
  Journal                  = {Automatica},
  Year                     = {2009},
  Number                   = {1},
  Pages                    = {296--299},
  Volume                   = {45},

  File                     = {:01_Paper\\Shim2009.pdf:PDF},
  Publisher                = {Elsevier}
}

@InProceedings{Shim2008,
  Title                    = {A new disturbance observer for non-minimum phase linear systems},
  Author                   = {Shim, Hyungbo and Jo, Nam Hoon and Son, Young-Ik},
  Booktitle                = {American Control Conference, 2008},
  Year                     = {2008},
  Organization             = {IEEE},
  Pages                    = {3385--3389},

  File                     = {:01_Paper\\Shim2008.pdf:PDF}
}

@Article{Shladover1991,
  Title                    = {Automated vehicle control developments in the PATH program},
  Author                   = {Shladover, Steven E and Desoer, Charles A and Hedrick, J Karl and Tomizuka, Masayoshi and Walrand, Jean and Zhang, Wei-Bin and McMahon, Donn H and Peng, Huei and Sheikholeslam, Shahab and McKeown, Nick},
  Journal                  = {Vehicular Technology, IEEE Transactions on},
  Year                     = {1991},
  Number                   = {1},
  Pages                    = {114--130},
  Volume                   = {40},

  File                     = {:01_Paper\\Shladover1991.pdf:PDF},
  Publisher                = {IEEE}
}

@Book{Siciliano2009,
  Title                    = {Robotics: modelling, planning and control},
  Author                   = {Siciliano, Bruno and Sciavicco, Lorenzo and Villani, Luigi and Oriolo, Giuseppe},
  Publisher                = {Springer Science \& Business Media},
  Year                     = {2009},

  File                     = {:02_Bücher\\Siciliano2009.pdf:PDF}
}

@InProceedings{Sienel1996,
  Title                    = {PARADISE-Parametric robust analysis and design interactive software environment: A Matlab-based robust control toolbox},
  Author                   = {Sienel, Wolfgang and Bunte, Tilman and Ackermann, J{\"u}rgen},
  Booktitle                = {Proceedings of the 1996 IEEE International Symposium on Computer-Aided Control System Design},
  Year                     = {1996},
  Organization             = {IEEE},
  Pages                    = {380--385}
}

@PhdThesis{Simmermacher2013,
  Title                    = {Objektive Beherrschbarkeit von Gierst{\"o}rungen in Bremsman{\"o}vern},
  Author                   = {Simmermacher, Daniel},
  School                   = {Technischen Universität Darmstadt},
  Year                     = {2013},

  File                     = {:00_Dissertationen\\Simmermacher2013.pdf:PDF},
  Number                   = {771},
  Publisher                = {VDI Verlag}
}

@Book{Skogestad2007,
  Title                    = {Multivariable feedback control: analysis and design},
  Author                   = {Skogestad, Sigurd and Postlethwaite, Ian},
  Publisher                = {Wiley New York},
  Year                     = {2007},
  Volume                   = {2},

  File                     = {:02_Bücher\\Skogestad2007.pdf:PDF}
}

@Article{Son2012,
  Title                    = {Disturbance observer based position control of a one-link manipulator under input time delay},
  Author                   = {Son, Young Ik and Jeong, Goo Jong and Kim, In Hyuk},
  Journal                  = {International Journal of Innovative Computing, Information and Control},
  Year                     = {2012},
  Number                   = {2},
  Pages                    = {1371--1384},
  Volume                   = {8},

  File                     = {:01_Paper\\Son2012.pdf:PDF}
}

@Article{Deutschl2014,
  Title                    = {Verkehrsunfälle},
  Author                   = {{Statistisches Bundesamt Deutschland}},
  Year                     = {2014},
  Volume                   = {Fachserie 8 Reihe 7 - November 2014},

  Owner                    = {Q291274},
  Timestamp                = {2015.03.02}
}

@Article{SBD2013,
  Title                    = {Unfallentwicklung auf deutschen Straßen 2012},
  Author                   = {{Statistisches Bundesamt Deutschland}},
  Year                     = {2013},

  Owner                    = {Q291274},
  Timestamp                = {2015.03.02}
}

@Book{Stavens2011,
  Title                    = {Learning to Drive: Perception for Autonomous Cars},
  Author                   = {Stavens, David Michael},
  Publisher                = {Stanford University},
  Year                     = {2011},

  File                     = {:00_Dissertationen\\Stavens2011.pdf:PDF}
}

@InProceedings{Stiller2012,
  Title                    = {{3D} perception and planning for self-driving and cooperative automobiles},
  Author                   = {Stiller, Christoph and Ziegler, Julius},
  Booktitle                = {Systems, Signals and Devices (SSD), 2012 9\textsuperscript{th} International Multi-Conference on},
  Year                     = {2012},
  Organization             = {IEEE},
  Pages                    = {1--7},

  File                     = {:01_Paper\\Stiller2012.pdf:PDF},
  Keywords                 = {Dynamische Programmierung}
}

@InProceedings{Stoican2011,
  Title                    = {A lane control mechanism with fault tolerant control capabilities},
  Author                   = {Stoican, Florin and Enache, Nicoleta Minoiu and Olaru, Sorin},
  Booktitle                = {Decision and Control and European Control Conference (CDC-ECC), 2011 50\textsuperscript{th} IEEE Conference on},
  Year                     = {2011},
  Organization             = {IEEE},
  Pages                    = {2245--2250},

  File                     = {:01_Paper\\Stoican2011.pdf:PDF}
}

@Article{Switkes2006,
  Title                    = {Handwheel force feedback for lanekeeping assistance: Combined dynamics and stability},
  Author                   = {Switkes, Joshua P and Rossetter, Eric J and Coe, Ian A and Gerdes, J Christian},
  Journal                  = {Journal of dynamic systems, measurement, and control},
  Year                     = {2006},
  Number                   = {3},
  Pages                    = {532--542},
  Volume                   = {128},

  File                     = {:01_Paper\\Switkes2006.pdf:PDF},
  Publisher                = {American Society of Mechanical Engineers}
}

@InProceedings{Tai2000,
  Title                    = {Robust longitudinal velocity tracking of vehicles using traction and brake control},
  Author                   = {Tai, Meihua and Tomizuka, Masayoshi},
  Booktitle                = {Proc. of the 6\textsuperscript{th} Int. Workshop on Advanced Motion Control.},
  Year                     = {2000},
  Organization             = {IEEE},
  Pages                    = {305--310},

  Abstract                 = {Gute {\"{U}}bersicht {\"{u}}ber L{\"{a}}ngsdynamik
Nichtlineare Regelung (Backstepping),},
  File                     = {:01_Paper\\Tai2000.pdf:PDF}
}

@Article{Taylor1999,
  Title                    = {A comparative study of vision-based lateral control strategies for autonomous highway driving},
  Author                   = {Taylor, Camillo J and Ko{\v{s}}eck{\'a}, Jana and Blasi, Robert and Malik, Jitendra},
  Journal                  = {The International Journal of Robotics Research},
  Year                     = {1999},
  Number                   = {5},
  Pages                    = {442--453},
  Volume                   = {18},

  File                     = {:01_Paper\\Taylor1999.pdf:PDF},
  Publisher                = {Sage Publications}
}

@PhdThesis{Terwen2010,
  Title                    = {Vorausschauende L{\"a}ngsregelung schwerer Lastkraftwagen},
  Author                   = {Terwen, Stephan},
  Year                     = {2010},

  File                     = {:00_Dissertationen\\Terwen2010.pdf:PDF},
  Publisher                = {KIT Scientific Publishing},
  Volume                   = {6}
}

@PhdThesis{Thoma2010,
  Title                    = {Mensch-Maschine-Interaktionskonzepte fu?r Fahrerassistenzsysteme im Kreuzungsbereich},
  Author                   = {Thoma, Stephan},
  School                   = {Mu?nchen, Techn. Univ., Diss., 2010},
  Year                     = {2010},

  File                     = {:00_Dissertationen\\Thoma2010.pdf:PDF}
}

@Article{Traechtler2005,
  Title                    = {Integrierte Fahrdynamikregelung mit ESP, aktiver Lenkung und aktivem Fahrwerk},
  Author                   = {Tr{\"a}chtler, Ansgard},
  Journal                  = {Automatisierungstechnik},
  Year                     = {2005},
  Number                   = {1},
  Volume                   = {53},

  File                     = {:01_Paper\\Traechtler2005.pdf:PDF}
}

@Article{Traechtler1992,
  Title                    = {Regelung der Querbewegung eines kameragef{\"u}hrten Stra{\ss}enfahrzeugs/Control of the lateral motion of a vision guided vehicle},
  Author                   = {Tr{\"a}chtler, Ansgar and Lohmann, Boris and Struck, G{\"u}nter},
  Journal                  = {at-Automatisierungstechnik},
  Year                     = {1992},
  Number                   = {10},
  Pages                    = {391--396},
  Volume                   = {40},

  File                     = {:01_Paper\\Traechtler1992.pdf:PDF}
}

@TechReport{Treated2010,
  Title                    = {2010 13th International {IEEE MC}5.3 Annual Conference on Intelligent Transportation Systems Madeira Island, Portugal, September},
  Author                   = {Comprehensive Treated and Sections in a Trajectory and Planner for Realizing},
  Year                     = {2010},
  Number                   = {a},

  Abstract                 = {With the announcement of the Stadtpilot- arterial road of its inner city traffic. Fig. 1 shows a map of

Project the Technische Universita¨t Braunschweig has accepted the proposed track and two typical scenes of the ring road

the challenge of guiding a vehicle fully autonomously in environment.

the complex environment of Braunschweigs entire ring road.

Autonomous driving on this two-lane urban road includes

interaction with traffic, behavior at intersections, lane change

maneuvers at speeds up to 60 km/h as well as merging into

moving traffic. The demanding terms of the surroundings

require an extremely high precision of all modules. Com-

pared to former research activities in autonomous driving, the

width of the ring roads roadway varies significantly and has

both narrow curves close to the turn radius of the vehicle

and straight roads. Therefore, a new approach for trajectory

planning having the comprehensive treatment of path-planned

sections as its distinctive feature has been realized and the first

major success within the context of the Stadtpilot-Project.

Curvature optimized trajectories are generated over the whole

roadway that are independent from the way driving decision},
  File                     = {:01_Paper\\Comprehensive Treated Sections in a Trajectory Planner for Realizing Autonomous Driving in Braunschweig  s Urban Traffic_Wille, Saust,.pdf:PDF},
  Publisher                = {IEEE},
  Review                   = {2010 13th International IEEE MC5.3

Annual Conference on Intelligent Transportation Systems

Madeira Island, Portugal, September 19-22, 2010


Comprehensive Treated Sections in a Trajectory Planner for Realizing


Autonomous Driving in Braunschweigs Urban Traffic


Jo¨rn Marten Wille, Falko Saust and Markus Maurer


AbstractWith the announcement of the Stadtpilot- arterial road of its inner city traffic. Fig. 1 shows a map of

Project the Technische Universita¨t Braunschweig has accepted the proposed track and two typical scenes of the ring road

the challenge of guiding a vehicle fully autonomously in environment.

the complex environment of Braunschweigs entire ring road.

Autonomous driving on this two-lane urban road includes

interaction with traffic, behavior at intersections, lane change

maneuvers at speeds up to 60 km/h as well as merging into

moving traffic. The demanding terms of the surroundings

require an extremely high precision of all modules. Com-

pared to former research activities in autonomous driving, the

width of the ring roads roadway varies significantly and has

both narrow curves close to the turn radius of the vehicle

and straight roads. Therefore, a new approach for trajectory

planning having the comprehensive treatment of path-planned

sections as its distinctive feature has been realized and the first

major success within the context of the Stadtpilot-Project.

Curvature optimized trajectories are generated over the whole

roadway that are independent from the way driving decision


Fig. 1. Proposed track for autonomous driving around Braunschweig with

are found, resulting in a safe, smooth and comfortable driving


an overall length of 12 km (marked in red).

behavior. This paper introduces the algorithm and shows its

potential on the basis of a typical driving maneuver on the

ring road.


II. TRANSFERRING AUTONOMOUS DRIVING

I. INTRODUCTION INTO A REAL URBAN ENVIRONMENT


While former research activities were mainly focused on While the Urban Challenge was an artificial, strongly

highway environments [1]-[4], selected complex maneuvers simplified urban environment, the goal of Stadtpilot is to

[5], [6] or off-road scenarios [7], [8], numerous autonomous drive fully autonomously in real urban traffic. The challenges

vehicles interacted with each other for the first time in an ur- of the project are constituted by the complex environmental

ban environment in the 2007 DARPA Urban Challenge. Due conditions of the ring road: the dense traffic on this two-

to its visibility the Challenge developed into a demonstration lane urban road imposes high demands on the modules

of the technically possible. for environmental perception, the road geometry requires a


For the Urban Challenge, the team CarOLO of the Tech- precise trajectory planning and shadowing effects due to tall

nische Universita¨t Braunschweig equipped a 2006 Volkswa- houses or trees can interfere with the reception of the GPS

gen Passat station wagon named Caroline to compete in signals resulting in a sophisticated positioning of the vehicle.

this latest contest of the DARPA. The team mastered the The differences between Stadtpilot and Urban Challenge

qualification process consisting of a video presenting the are manifold and vary from modified basic conditions to a

vehicles abilities, a site visit and a National Qualification totally changed infrastructure. The race contest is substituted

Event. Among only 11 teams out of the initially 89 com- by a long-term project with the goal of achieving a high

petitors, the CarOLO team passed the challenges to qualify research sustainability. Instead of the disused military area of

early for the final DARPA Urban Challenge event [9], [10]. the Urban Challenge the scenario takes place in the densely


With its participation in the DARPA Urban Challenge populated surroundings of Braunschweigs inner ring road.

the Technische Universita¨t Braunschweig proved that it was With the Stadtpilot-Project the expertise gained by building

capable of building up a state-of-the-art autonomous vehicle. up an autonomous vehicle for the Urban Challenge is applied

To further increase the difficulty of driving autonomously to a real urban environment. Table I contrasts the major

in an urban area, the Technische Universita¨t Braunschweig differences of both scenarios.

has continued the effort with the follow-up project called This paper specially focuses on the approach taken to

Stadtpilot and the objective to drive fully autonomously assure a precise trajectory planning on the ring road en-

on Braunschweigs entire ring road, which is known as the vironment. Most of the so far applied trajectory planners


are based on clothoids, sigmoid functions or splines and

All authors are with the Institute of Control Engineering,


Technische Universita¨t Braunschweig, 38106 Braunschweig, Germany. generate piecewise trajectories [12]-[14]. In the following


{wille,saust,maurer}@ifr.ing.tu-bs.de a new trajectory planning algorithm is stated that is based


978-1-4244-7659-6/10/$26.00 ©2010 IEEE 647}
}

@Article{Umeno1991,
  Title                    = {Robust speed control of {DC} servomotors using modern two degrees-of-freedom controller design},
  Author                   = {Umeno, Takaji and Hori, Yoichi},
  Journal                  = {IEEE Transactions on Industrial Electronics},
  Year                     = {1991},
  Number                   = {5},
  Pages                    = {363--368},
  Volume                   = {38},

  File                     = {:01_Paper\\Umeno1991.pdf:PDF},
  Publisher                = {IEEE}
}

@Book{Unbehauen2008,
  Title                    = {Regelungstechnik I: Klassische Verfahren zur Analyse und Synthese linearer kontinuierlicher Regelsysteme, Fuzzy-Regelsysteme},
  Author                   = {Unbehauen, Heinz},
  Publisher                = {Springer DE},
  Year                     = {2008},

  File                     = {:02_Bücher\\Unbehauen2008.pdf:PDF}
}

@Article{Unbehauen1997,
  Title                    = {Regelungstechnik II---Zustandsregelung, digitale und nichtlineare Regelsysteme},
  Author                   = {Unbehauen, Heinz},
  Journal                  = {Braunschweig/Wiesbaden: Vieweg},
  Year                     = {1997},

  File                     = {:02_Bücher\\Unbehauen1997.pdf:PDF}
}

@Article{Ungoren2005,
  Title                    = {An adaptive lateral preview driver model},
  Author                   = {Ungoren, Ali Y and Peng, Huei},
  Journal                  = {Vehicle System Dynamics},
  Year                     = {2005},
  Number                   = {4},
  Pages                    = {245--259},
  Volume                   = {43},

  File                     = {:01_Paper\\Ungoren2005.pdf:PDF},
  Publisher                = {Taylor \& Francis}
}

@InProceedings{unknown,
  Title                    = {Integral Anti-Windup for PI Controllers},
  Author                   = {unknown},

  File                     = {:01_Paper\\unknown.pdf:PDF}
}

@Article{Unyelioglu1996,
  Title                    = {Design and stability analysis of a lane following controller},
  Author                   = {Unyelioglu, Konur A and Hatipoglu, Cem and Ozguner, Umit},
  Journal                  = {Control Systems Technology, IEEE Transactions on},
  Year                     = {1996},
  Number                   = {1},
  Pages                    = {127--134},
  Volume                   = {5},

  File                     = {:01_Paper\\Unyelioglu1996.pdf:PDF},
  Publisher                = {IEEE}
}

@InCollection{Voegel2003,
  Title                    = {An optimal oontrol approach to real-time vehicle guidance},
  Author                   = {V{\"o}gel, Martin; von Stryk, Oskar; Bulirsch, Roland; Chucholowski, Cornelius; Wolter Thie{\ss}-Magnus},
  Booktitle                = {Mathematics-Key technology for the future},
  Publisher                = {Springer},
  Year                     = {2003},
  Pages                    = {84--102},

  File                     = {:01_Paper\\Voegel2003.pdf:PDF}
}

@MastersThesis{Voelgyi2014,
  Title                    = {Entwurf und Analyse eines Fahrzeugf{\"u}hrunguhrungsreglers f\"ur den fahrdynamischen Grenzbereich unter Ber\"ucksichtigung unterlagerter Fahrdynamikregelsysteme},
  Author                   = {V\"olgyi, Franciska},
  Year                     = {2014},

  File                     = {:06_Abschlussarbeiten\\Voelgyi2014.pdf:PDF},
  Review                   = {Entwurf und Analyse eines

Fahrzeugfu¨hrungsreglers fu¨r den

fahrdynamischen Grenzbereich unter

Beru¨cksichtigung unterlagerter

Fahrdynamikregelsysteme

MASTERARBEIT
von

cand. ing. Franciska Vo¨lgyi

geb. am 20.10.1989
wohnhaft in: Mu¨nchen

Heinrich-Groh-Strasse 17.
80939 Mu¨nchen

Lehrstuhl fu¨r
STEUERUNGS- und REGELUNGSTECHNIK

Technische Universita¨t Mu¨nchen

Univ.-Prof. Dr.-Ing./Univ. Tokio Martin Buss

Betreuer: Prof. Dr.-Ing. Udo Lindemann, M.Sc. Phillip Schrieverhoff
Priv.-Doz. Dr.-Ing. habil. Dirk Wollherr,
Dr.-Ing. Marion Leibold (Sobotka)
Dr.-Ing. Dirk Odenthal, Dipl.-Ing. Marcus Walter

Beginn: 01.02.2014
Zwischenbericht: 05.03.2014
Abgabe: 10.07.2014}
}

@PhdThesis{Vanholme2013,
  Title                    = {Highly automated driving on highways based on legal safety},
  Author                   = {Vanholme, Benoit},
  School                   = {Universit{\"a}t Evry -Val- d'Essonne},
  Year                     = {2013},

  File                     = {:00_Dissertationen\\Vanholme2013.pdf:PDF}
}

@PhdThesis{VonVietinghoff2008,
  Title                    = {Nichtlineare Regelung von Kraftfahrzeugen in querdynamisch kritischen Fahrsituationen},
  Author                   = {Von Vietinghoff, Anne},
  Year                     = {2008},

  File                     = {:00_Dissertationen\\VonVietinghoff2008.pdf:PDF},
  Publisher                = {Universit{\"a}t Karlsruhe Universit{\"a}tsbibliothek}
}

@Article{Wagner2002,
  Title                    = {Der Fahrer als Sensor f{\"u}r die Bewertung des Seitenwindverhaltens},
  Author                   = {Wagner, Andreas and Wiedemann, Ing Jochen and Neubeck, Dipl-Math Jens},
  Journal                  = {ATZ-Automobiltechnische Zeitschrift},
  Year                     = {2002},
  Number                   = {4},
  Pages                    = {372--379},
  Volume                   = {104},

  File                     = {:01_Paper\\Wagner2002.pdf:PDF},
  Publisher                = {Springer}
}

@PhdThesis{Wagner2010,
  Title                    = {Ein Beitrag zur spurtreuen F{\"u}hrung n-gliedriger mehrachsgelenkter Fahrzeuge},
  Author                   = {Wagner, Sebastian},
  Year                     = {2010},

  File                     = {:00_Dissertationen\\Wagner2010.pdf:PDF},
  Publisher                = {Expert}
}

@MastersThesis{Walder2006,
  Title                    = {Neue Reglerkonzepte f{\"{u}}r die Fahrzeugl{\"{a}}ngsregelung},
  Author                   = {Walder, Martin},
  School                   = {ETH Zürich},
  Year                     = {2006},

  Abstract                 = {MPC f{\"{u}}r ACC von Mercedes. 
L{\"{o}}sung wird als Loouptable abgespeichert.
Verwendet wird ein Massenpunkt-Modell.},
  File                     = {:06_Abschlussarbeiten\\Walder2006.pdf:PDF},
  Owner                    = {Q291274},
  Timestamp                = {2014.08.23}
}

@PhdThesis{Waldmann2008,
  Title                    = {Entwicklung eines Fahrzeugf{\"{u}}hrungssystems zum Erlernen der Ideallinie and auf Rennstrecken},
  Author                   = {Waldmann, Peter},
  School                   = {Technische Universit{\"a}t Cottbus},
  Year                     = {2008},

  File                     = {:00_Dissertationen\\Peter2008.pdf:PDF},
  Review                   = { 










Entwicklung eines Fahrzeugführungssystems 

 zum Erlernen 


der Ideallinie auf Rennstrecken 











Von der Fakultät für Maschinenbau, Elektrotechnik 

und Wirtschaftsingenieurwesen der 


Brandenburgischen Technischen Universität Cottbus 

zur Erlangung des akademischen Grades eines Doktor-Ingenieurs (Dr.-Ing.)






Dissertation 





vorgelegt von 





Dipl.-Ing. (FH) 

 Peter Waldmann 




geboren am 06.10.1977 in München 













Vorsitzender: Prof. Dr.-Ing. Gerhard Lappus 

Gutachter: Prof. Dr.-Ing. Peter Steinberg 

Gutachter: Prof. Dr.-Ing. habil. Raymond Freymann 


Tag der mündlichen Prüfung: 10. Dezember 2008 }
}

@MastersThesis{Walter2012,
  Title                    = {Entwurf und Analyse von Algorithmen f{\"{u}}r einen teilautonomen Fahrzeugf{\"{u}}hrungsregler basierend auf dem Drei-Ebenen-Modell},
  Author                   = {Marcus Walter},
  Year                     = {2012},

  File                     = {:06_Abschlussarbeiten\\Walter2012.pdf:PDF},
  Review                   = {1Technische Universität Kaiserslautern


Lehrstuhl für Mechatronik in Maschinenbau und Fahrzeugtechnik


BMW AG


Forschungs- und Innovationszentrum, München

EF-301


Diplomarbeit


Entwurf und Analyse von Algorithmen für


einen teilautonomen Fahrzeugführungsregler


basierend auf dem Drei-Ebenen-Modell


von

Marcus Walter


München, März 2012


Hochschulprofessor: Herr Prof. Dr.-Ing. Steffen Müller

Betriebliche Betreuer: Herr Dr.-Ing. Dirk Odenthal


Herr Dr.-Ing. Norbert Nitzsche}
}

@InProceedings{Walter2014,
  Title                    = {Lateral vehicle guidance control for autonomous and cooperative driving},
  Author                   = {Walter, Marcus and Nitzsche, Norbert and Odenthal, Dirk and M\"uller, Steffen},
  Booktitle                = {IEEE European Control Conference},
  Year                     = {2014},
  Pages                    = {2667--2672}
}

@Article{Wang2012,
  Title                    = {Modelling Driver Assitance Systems by Optimal Control},
  Author                   = {Wang, Meng},
  Year                     = {2012},

  File                     = {:01_Paper\\Wang2012.pdf:PDF},
  Owner                    = {Q291274},
  Timestamp                = {2014.08.22}
}

@MastersThesis{Wang2015,
  Title                    = {Pfadplanung in strukturierter Umgebung mit wechselnden Umgebungsinformationen},
  Author                   = {Wang, Yike},
  School                   = {TU M\"unchen},
  Year                     = {2015},

  File                     = {:06_Abschlussarbeiten\\Wang2015.pdf:PDF},
  Owner                    = {q366435},
  Timestamp                = {2015.10.06}
}

@Book{Werling2016,
  Title                    = {Optimale Fahreingriffe für Sicherheits- und Komfortsysteme},
  Author                   = {Moritz Werling},

  Comment                  = {noch nicht erschienen}
}

@PhdThesis{Werling2010,
  Title                    = {Ein neues Konzept f{\"u}r die Trajektoriengenerierung und-stabilisierung in zeitkritischen Verkehrsszenarien},
  Author                   = {Werling, Moritz},
  School                   = {Karlsruher Institut f{\"u}r Technologie},
  Year                     = {2010},

  File                     = {:00_Dissertationen\\Werling2010.pdf:PDF},
  Publisher                = {KIT Scientific Publishing},
  Volume                   = {34}
}

@InProceedings{Werling2008,
  Title                    = {A robust algorithm for handling moving traffic in urban scenarios},
  Author                   = {Werling, Moritz and Gindele, Tobias and Jagszent, Daniel and Gro?ll, L},
  Booktitle                = {Intelligent Vehicles Symposium, 2008 IEEE},
  Year                     = {2008},
  Organization             = {IEEE},
  Pages                    = {1108--1112},

  File                     = {:01_Paper\\Werling2008.pdf:PDF}
}

@InProceedings{Werling2008a,
  Title                    = {A hardware and software framework for cognitive automobiles},
  Author                   = {Werling, Moritz and Goebl, Matthias and Pink, Oliver and Stiller, Christoph},
  Booktitle                = {Intelligent Vehicles Symposium, 2008 IEEE},
  Year                     = {2008},
  Organization             = {IEEE},
  Pages                    = {1080--1085},

  File                     = {:01_Paper\\Werling2008a.pdf:PDF}
}

@Article{Werling2008c,
  Title                    = {Ein Multiregler zur Erprobung vollautonomen Fahrens A Multi Controller for Testing Full-autonomous Driving},
  Author                   = {Werling, Moritz and Gr{\"o}ll, Lutz and Bretthauer, Georg},
  Journal                  = {at-Automatisierungstechnik Methoden und Anwendungen der Steuerungs-, Regelungs-und Informationstechnik},
  Year                     = {2008},
  Number                   = {11},
  Pages                    = {585--591},
  Volume                   = {56},

  File                     = {:01_Paper\\Werling2008b.pdf:PDF}
}

@Article{Werling2010b,
  Title                    = {Invariant trajectory tracking with a full-size autonomous road vehicle},
  Author                   = {Werling, Moritz and Gr\"oll, Lutz and Bretthauer, Georg},
  Journal                  = {IEEE Transactions on Robotics},
  Year                     = {2010},
  Number                   = {4},
  Pages                    = {758--765},
  Volume                   = {26},

  File                     = {:01_Paper\\Werling2010a.pdf:PDF},
  Publisher                = {IEEE}
}

@InProceedings{Werling2009,
  Title                    = {From flatness-based trajectory tracking to path following},
  Author                   = {Werling, Moritz and Groll, L},
  Booktitle                = {Intelligent Vehicles Symposium, 2009 IEEE},
  Year                     = {2009},
  Organization             = {IEEE},
  Pages                    = {1271--1275},

  File                     = {:01_Paper\\Werling2009.pdf:PDF}
}

@InProceedings{Werling2008b,
  Title                    = {Low-level controllers realizing high-level decisions in an autonomous vehicle},
  Author                   = {Werling, Moritz and Groll, Lutz},
  Booktitle                = {Intelligent Vehicles Symposium, 2008 IEEE},
  Year                     = {2008},
  Organization             = {IEEE},
  Pages                    = {1113--1118},

  File                     = {:01_Paper\\Werling2008c.pdf:PDF}
}

@Article{Werling2012a,
  Title                    = {Optimal trajectories for time-critical street scenarios using discretized terminal manifolds},
  Author                   = {Werling, Moritz and Kammel, S{\"o}ren and Ziegler, Julius and Gr{\"o}ll, Lutz},
  Journal                  = {The International Journal of Robotics Research},
  Year                     = {2012},
  Number                   = {3},
  Pages                    = {346--359},
  Volume                   = {31},

  File                     = {:01_Paper\\Werling2012.pdf:PDF},
  Publisher                = {SAGE Publications}
}

@InProceedings{Werling2012,
  Title                    = {Automatic collision avoidance using model-predictive online optimization},
  Author                   = {Werling, Moritz and Liccardo, Darren},
  Booktitle                = {IEEE Conference on Decision and Control},
  Year                     = {2012},
  Pages                    = {6309--6314},

  File                     = {:01_Paper\\Werling2012a.pdf:PDF}
}

@Article{Werling2014,
  Title                    = {Reversing the General One-Trailer System: Asymptotic Curvature Stabilization and Path Tracking},
  Author                   = {Werling, Moritz and Reinisch, Philipp and Heidingsfeld, Michael and Gresser, Klaus},
  Year                     = {2014},

  File                     = {:01_Paper\\Werling2014.pdf:PDF},
  Publisher                = {IEEE}
}

@InProceedings{Werling2010a,
  Title                    = {Optimal trajectory generation for dynamic street scenarios in a frenet frame},
  Author                   = {Werling, Moritz and Ziegler, Julius and Kammel, S{\"o}ren and Thrun, Sebastian},
  Booktitle                = {International Conference on Robotics and Automation (ICRA)},
  Year                     = {2010},
  Organization             = {IEEE},
  Pages                    = {987--993},

  File                     = {:01_Paper\\Werling2010b.pdf:PDF}
}

@InProceedings{Wille2010,
  Title                    = {Man{\"{o}}ver{\"{u}}bergreifende Trajektorienplanung},
  Author                   = {Wille},
  Year                     = {2010},

  File                     = {:01_Paper\\Wille2010.pdf:PDF},
  Review                   = {TiTelThema AUTonoMES FAHREn


Manöverübergreifende 

 TrajekTorienplanung


Mit dem Projekt Stadtpilot hat sich die TU Braunschweig der Herausforderung einer fahrerlosen, autonomen 


Fahrt auf dem Braunschweiger Stadtring angenommen. Bis Ende des Jahres 2010 konnten mehrere hundert 


 Kilometer autonom im realen Straßenverkehr bewältigt werden. Die Grundlage der autonomen Fahrzeugführung 


ist dabei das von den Forschern hier vorgestellte Verfahren zur manöverübergreifenden Trajektorienplanung. 


Dies ermöglicht ein ruhiges und sicheres Fahrverhalten durch eine Reduzierung der Stellaktivität und leistet 


 damit einen entscheidenden Beitrag zur Erfüllung der Projektziele.


22}
}

@PhdThesis{Wille2012,
  Title                    = {Man{\"o}ver{\"u}bergreifende autonome Fahrzeugf{\"u}hrung in innerst{\"a}dtischen Szenarien am Beispiel des Stadtpilotprojekts},
  Author                   = {Wille, J{\"o}rn Marten},
  School                   = {Technische Universit{\"a}t Carolo-Wilhelmina zu Braunschweig},
  Year                     = {2012},

  File                     = {:00_Dissertationen\\Wille2012.pdf:PDF}
}

@InProceedings{Wille2010a,
  Title                    = {Comprehensive treated sections in a trajectory planner for realizing autonomous driving in Braunschweig'S urban traffic},
  Author                   = {Wille, J{\"o}rn Marten and Saust, Falko and Maurer, Markus},
  Booktitle                = {Intelligent Transportation Systems (ITSC), 2010 13\textsuperscript{th} International IEEE Conference on},
  Year                     = {2010},
  Organization             = {IEEE},
  Pages                    = {647--652},

  File                     = {:01_Paper\\Comprehensive Treated Sections in a Trajectory Planner for Realizing Autonomous Driving in Braunschweig  s Urban Traffic_Wille, Saust,.pdf:PDF}
}

@MastersThesis{Wimmer2008,
  Title                    = {Entwurf und Analyse von Algorithmen f{\"{u}}r einen integrierten Allrad-Querdynamikregler},
  Author                   = {Wimmer, Christian},
  Year                     = {2008},

  File                     = {:06_Abschlussarbeiten\\Wimmer2008.pdf:PDF},
  Review                   = {Lehrstuhl fu¨r

Regelungstechnik


Prof. Dr.-Ing. habil.

Boris Lohmann


Diplomarbeit


Entwurf und Analyse von Algorithmen fu¨r

einen integrierten Allrad-Querdynamikregler


Garching, 10. April 2008

Verfasser: Christian Wimmer

Betreuer: Dipl.-Ing. Michael Buhl


Prof. Dr.-Ing. habil. Boris Lohmann

Dr.-Ing. Dirk Odenthal (BMW Group)

Dr.-Ing. Hendrikus Smakman (BMW Group)}
}

@PhdThesis{Winkler2011,
  Title                    = {Trajektorienfolgeregelung einer Klasse von verteilt-parametrischen Systemen mit verteiltem Stelleingriff und mitgefu?hrter Sensorik},
  Author                   = {Winkler, Franz Josef},
  School                   = {Mu?nchen, Technische Universita?t Mu?nchen, Diss., 2011},
  Year                     = {2011},

  File                     = {:00_Dissertationen\\Winkler2011.pdf:PDF}
}

@InProceedings{Winner2003,
  Title                    = {Die lange Entwicklung von ACC},
  Author                   = {Winner, Hermann},
  Booktitle                = {Workshop Fahrerassistenzsysteme},
  Year                     = {2003},

  File                     = {:01_Paper\\Winner2003.pdf:PDF}
}

@InProceedings{Winner6428,
  Title                    = {Conduct-by-Wire -- ein neues Paradigma f{\"{u}}r die Weiterentwicklung der Fahrerassistenz},
  Author                   = {Hermann Winner and Stephan Hakuli and Ralph Bruder and Ulrich Konigorski and Bernt Schiele},
  Year                     = {6428},

  File                     = {:01_Paper\\Winner6428.pdf:PDF},
  Review                   = {Conduct-by-Wire  ein neues Paradigma für die 

Weiterentwicklung der Fahrerassistenz 


Hermann Winner*, Stephan Hakuli, Ralph Bruder, 

Ulrich Konigorski§, Bernt Schiele** 



Zusammenfassung: Heutige und zukünftige Fahrerassistenzsysteme ermöglichen die Fahrer-

unterstützung auf der Bahnführungsebene. Durch die Vielfalt neuer Funktionen sind auch 

zusätzliche Bedienkonzepte hinzugekommen. Dadurch wächst die Komplexität der Bedienung und 

die Aufgabenfülle des Fahrers. Mit einer Umstellung der Fahrerassistenz von paralleler zu serieller 

Assistenz lässt sich ein Konzept entwickeln, das durchgängig die Fahrzeugführung von der 

Stabilisierungsebene bis zur Bahnführungsebene und im Grundsatz auch bis zum autonomen 

Fahren ermöglicht, und das sich an die für die Unterstützung zur Verfügung stehende Infrastruktur 

und/oder den Unterstützungsgradwunsch des Fahrers anpasst. 


Schlüsselwörter: Autonomes Fahren, Bahnführungsassistenz, Bedienkomplexität, X-by-Wire 


1 Einleitung 

Moderne Fahrerassistenzsysteme versorgen den Fahrer mit neuen oder erweiterten 

Informationen, warnen vor kritischen Situationen und greifen intervenierend oder 

dauerhaft in die Fahrzeugführung ein. 


Abgebildet auf das literaturbekannte Drei-Ebenen-Modell (siehe [3]) führen die 

Fahrerassistenzsysteme auf allen Ebenen zu einer Erhöhung der Komplexität, siehe 

Abbildung 1. 


______________________________ 

* Prof. Dr. rer. nat. Hermann Winner ist Leiter des Fachgebiets Fahrzeugtechnik der TU Darmstadt, 


Petersenstraße 30, D-64287 Darmstadt (e-mail:winner@fzd.tu-darmstadt.de).

 Dipl.-Ing. Stephan Hakuli ist wissenschaftlicher. Mitarbeiter am Fachgebiet Fahrzeugtechnik der TU 


Darmstadt, Petersenstraße 30, D-64287 Darmstadt (e-mail:hakuli@fzd.tu-darmstadt.de).

 Prof. Dr.-Ing. Ralph Bruder ist Leiter des Fachgebiets Arbeitswissenschaft der TU Darmstadt, 


Petersenstraße 30, D-64287 Darmstadt (e-mail:bruder@iad.tu-darmstadt.de).

§ Prof. Dr.-Ing. Ulrich Konigorski ist Leiter des Fachgebiets Regelungstechnik und Mechatronik der TU 


Darmstadt, Landgraf-Georg-Str. 4, D-64283 Darmstadt (e-mail:ukonigorski@iat.tu-darmstadt.de).

** Prof. Dr.-Ing. Bernt Schiele ist Leiter des Fachgebiets Muldimodale Interaktive Systeme der TU 


Darmstadt, Hochschulstraße 10, D-64289 Darmstadt (e-mail:schiele@informatikt.tu-darmstadt.de).}
}

@Book{Winner2012,
  Title                    = {Handbuch Fahrerassistenzsysteme: Grundlagen, Komponenten und Systeme f{\"u}r aktive Sicherheit und Komfort. 2},
  Author                   = {Winner, Hermann and Hakuli, Stephan and Wolf, Gabriele},
  Year                     = {2012},

  File                     = {:02_Bücher\\Winner2012.pdf:PDF},
  Journal                  = {Aufl. Vieweg+ Teubner, Wiesbaden}
}

@Book{Winner2011,
  Title                    = {Handbuch Fahrerassistenzsysteme},
  Author                   = {Winner, Hermann and Hakuli, Stephan and Wolf, Gabriele},
  Publisher                = {Springer},
  Year                     = {2011},

  File                     = {:02_Bücher\\Winner2011.pdf:PDF}
}

@Article{Wurmthaler2009,
  Title                    = {Modellgest{\"{u}}tzte Vorsteuerung f{\"{u}}r messbare St{\"{o}}rungen},
  Author                   = {Wurmthaler, Christoph and K\"uhnlein, Alexander},
  Journal                  = {at - Automatisierungstechnik},
  Year                     = {2009},
  Number                   = {7},
  Volume                   = {57},

  Doi                      = {10.1524/auto.2009.0782},
  File                     = {:01_Paper\\Wurmthaler2009.pdf:PDF},
  ISSN                     = {0178-2312},
  Publisher                = {Walter de Gruyter}
}

@InProceedings{Xausa2012,
  Title                    = {Avoidance trajectories for driver assistance systems via solvers for optimal control problems},
  Author                   = {Xausa, Ilaria and Baier, Robert and Gerdts, Matthias and Gonter, Mark and Wegwerth, Christian and others},
  Booktitle                = {20th International Symposium on Mathematical Theory of Networks and Systems},
  Year                     = {2012},

  Abstract                 = {Trajektorienplanung. Optimierung. Optimalsteuerung. Kollisionsvermeidung. VW},
  File                     = {:01_Paper\\Xausa2012.pdf:PDF}
}

@InProceedings{Xu2012,
  Title                    = {A real-time motion planner with trajectory optimization for autonomous vehicles},
  Author                   = {Xu, Wenda and Wei, Junqing and Dolan, John M and Zhao, Huijing and Zha, Hongbin},
  Booktitle                = {Robotics and Automation (ICRA), 2012 IEEE International Conference on},
  Year                     = {2012},
  Organization             = {IEEE},
  Pages                    = {2061--2067},

  File                     = {:01_Paper\\Xu2012.pdf:PDF}
}

@InProceedings{Xu2012a,
  Title                    = {A real-time motion planner with trajectory optimization for autonomous vehicles},
  Author                   = {Xu, Wenda and Wei, Junqing and Dolan, John M and Zhao, Huijing and Zha, Hongbin},
  Booktitle                = {Robotics and Automation (ICRA), 2012 IEEE International Conference on},
  Year                     = {2012},
  Organization             = {IEEE},
  Pages                    = {2061--2067},

  File                     = {:01_Paper\\Xu2012a.pdf:PDF}
}

@Article{Yan2008,
  Title                    = {Theory and application of a combined feedback--feedforward control and disturbance observer in linear motor drive wire-EDM machines},
  Author                   = {Yan, Mu-Tian and Shiu, Yau-Jung},
  Journal                  = {International Journal of Machine Tools and Manufacture},
  Year                     = {2008},
  Number                   = {3},
  Pages                    = {388--401},
  Volume                   = {48},

  Abstract                 = {DOB Anwendung},
  File                     = {:01_Paper\\Yan2008.pdf:PDF},
  Publisher                = {Elsevier}
}

@Article{Yim2011,
  Title                    = {Design of a Preview Controller for Vehicle Rollover Prevention},
  Author                   = {Yim, Seongjin},
  Journal                  = {IEEE Trans. Veh. Technol.},
  Year                     = {2011},
  Number                   = {9},
  Pages                    = {4217???4226},
  Volume                   = {60},

  Doi                      = {10.1109/tvt.2011.2169687},
  File                     = {:01_Paper\\Yim2011.pdf:PDF},
  ISSN                     = {1939-9359},
  Publisher                = {Institute of Electrical \& Electronics Engineers (IEEE)}
}

@PhdThesis{Zapp1988,
  Title                    = {Automatische Stra{\ss}enfahrzeugf{\"u}hrung durch Rechnersehen},
  Author                   = {Zapp, Alfred},
  School                   = {Universität der Bundeswehr München},
  Year                     = {1988},

  Publisher                = {na}
}

@Article{Zhao2010,
  Title                    = {Analysis and Control of Automatic Steering System},
  Author                   = {Zhao, Xi-jun and Chen, Hui-yan},
  Journal                  = {2010 International Conference on Measuring Technology and Mechatronics Automation},
  Year                     = {2010},

  Doi                      = {10.1109/icmtma.2010.257},
  File                     = {:01_Paper\\Zhao2010.pdf:PDF},
  ISBN                     = {http://id.crossref.org/isbn/978-1-4244-5001-5},
  Publisher                = {IEEE}
}

@Article{Zhong2002,
  Title                    = {Control of integral processes with dead-time. Part 1: Disturbance observer-based {2D}OF control scheme},
  Author                   = {Zhong, Q-C and Normey-Rico, Julio E},
  Journal                  = {IEE Proceedings-Control Theory and Applications},
  Year                     = {2002},
  Number                   = {4},
  Pages                    = {285--290},
  Volume                   = {149},

  File                     = {:01_Paper\\Zhong2002.pdf:PDF},
  Publisher                = {IET}
}

@InProceedings{Ziegler2010,
  Title                    = {Fast collision checking for intelligent vehicle motion planning},
  Author                   = {Ziegler, Julius and Stiller, Christoph},
  Booktitle                = {Intelligent Vehicles Symposium},
  Year                     = {2010},
  Pages                    = {518--522},

  File                     = {:01_Paper\\Ziegler2010.pdf:PDF}
}

@InProceedings{Ziegler2009,
  Title                    = {Spatiotemporal state lattices for fast trajectory planning in dynamic on-road driving scenarios},
  Author                   = {Ziegler, Julius and Stiller, Christoph},
  Booktitle                = {International Conference on Intelligent Robots and Systems},
  Year                     = {2009},
  Pages                    = {1879--1884},

  File                     = {:01_Paper\\Ziegler2009.pdf:PDF}
}

@InProceedings{Ziegler2008,
  Title                    = {Navigating car-like robots in unstructured environments using an obstacle sensitive cost function},
  Author                   = {Ziegler, Julius and Werling, Moritz and Schroder, J},
  Booktitle                = {Intelligent Vehicles Symposium, 2008 IEEE},
  Year                     = {2008},
  Organization             = {IEEE},
  Pages                    = {787--791},

  File                     = {:01_Paper\\Ziegler2008.pdf:PDF}
}

@Book{Zomotor1987,
  Title                    = {Fahrwerktechnik: Fahrverhalten: Kraefte am Fahrzeug, Bremsverhalten, Lenkverhalten, Testverfahren, Messtechnik, Bewertungsmethoden, Versuchseinrichtungen, aktive Sicherheit, Unfallverh{\"{u}}tung},
  Author                   = {Zomotor, Adam},
  Publisher                = {Vogel},
  Year                     = {1987},

  File                     = {:02_Bücher\\Zomotor1987.pdf:PDF}
}


@Article{Rathgeber2015b,
  Title                    = {Kollisionsfreie L{\"{a}}ngs- und Quertrajektorienplanung unter Ber{\"{u}}cksichtigung fahrzeugspezifischer Potenziale},
  Author                   = {Rathgeber, Christian and Winkler, Franz and M\"uller, Steffen},
  Journal                  = {at - Automatisierungstechnik},
  Year                     = {2015},

  File                     = {:C\:\\C_Rathgeber\\07_Literatur\\01_Paper\\auto-2015-0052_korrektur.pdf:PDF},
  Owner                    = {q366435},
  Timestamp                = {2015.07.24}
}


@Inbook{Werling2016b,
author="Werling, Moritz",
editor="Winner, Hermann
and Hakuli, Stephan
and Lotz, Felix
and Singer, Christina",
title="Integrated Trajectory Optimization",
chapter=56,
bookTitle="Handbook of Driver Assistance Systems: Basic Information, Components and Systems for Active Safety and Comfort",
year="2016",
publisher="Springer International Publishing",
address="Cham",
pages="1413--1435",
abstract="New active driver assistance systems that work at the road and navigation level as well as automated driving face a challenging task. They have to permanently calculate the vehicle input commands (such as those for the steering, brakes, and the engine/powertrain) in order to realize a desired future vehicle movement, a driving trajectory. This trajectory has to be optimal in terms of some optimization criterion (in general a trade-off between comfort, safety, energy effort, and traveling time), needs to take the vehicular dynamics into account, and must incorporate lane boundaries or the predicted free space amid (possibly moving) obstacles. This kind of optimization can be mathematically formulated as a so-called optimal control problem. In order to limit the calculation effort, the optimal control problem is usually solved only on a limited prediction interval (starting with the current time) leading to a receding horizon optimization.",
isbn="978-3-319-12352-3",
doi="10.1007/978-3-319-12352-3_64",
url="https://doi.org/10.1007/978-3-319-12352-3_64"
}

@phdthesis {Rathgeber2016,
   author = {Rathgeber, Christian},
   title = {Trajektorienplanung und -folgeregelung f{\"{u}}r assistiertes bis hochautomatisiertes Fahren},
   school = {Technische Universit{\"{a}}t Berlin},
   year = {2016},
   type = {Doctoral Thesis},
   address = {Berlin},
   doi = {10.14279/depositonce-5506},
   url = {http://dx.doi.org/10.14279/depositonce-5506},
}



@ARTICLE{Rawlings2000,
  author={J. B. {Rawlings}},
  journal={IEEE Control Systems Magazine}, 
  title={Tutorial overview of model predictive control}, 
  year={2000},
  volume={20},
  number={3},
  pages={38-52},
  abstract={The paper provides a reasonably accessible and self-contained tutorial exposition on model predictive control (MPC). It is aimed at readers with control expertise, particularly practitioners, who wish to broaden their perspective in the MPC area of control technology. We introduce the concepts, provide a framework in which the critical issues can be expressed and analyzed, and point out how MPC allows practitioners to address the trade-offs that must be considered in implementing a control technology.},
  keywords={predictive control;linear systems;nonlinear systems;state feedback;state estimation;optimal control;control engineering education;model predictive control;tutorial;linear models;nonlinear models;state feedback;optimal control;state estimation;Tutorial;Predictive models;Predictive control;Open loop systems;Programmable control;Electrical equipment industry;Linear systems;Regulators;Filtering theory;Nonlinear filters},
  doi={10.1109/37.845037},
  ISSN={1941-000X},
  month={June},}



@Standard{a,
  Title                    = {Richtlinie 92/21/ewg des Rates vom 31. März 1992 über massen und abmessungen von kraftfahrzeugen der klasse m1},

  Owner                    = {Q291274},
  Timestamp                = {2015.03.16}
}

@comment{jabref-meta: groupsversion:3;}

@comment{jabref-meta: groupstree:
0 AllEntriesGroup:;
1 ExplicitGroup:Trajektorienplanung\;0\;Althoff2012a\;Anderson2010\;Br
andt2005\;Glaser2010\;Gu2013\;Gutjahr2014\;Hilgert2003\;Hrich2005\;Hul
t2013\;Kelly2003\;Kuwata2009\;McNaughton2011\;Medler2013\;Papadimitrio
u2003\;Werling2010a\;Wille2010\;Wille2010a\;Xausa2012\;Xu2012\;Xu2012a
\;Ziegler2009\;;
1 ExplicitGroup:Querregelung\;0\;Ackermann1995\;Boros\;Brandt2008\;Che
n1999\;Guldner1996\;Hayakawa2003\;Hes2013\;Hess1989\;Kehl2007\;Koenig2
007\;Marino2009\;Netto2006\;Pham1994\;Raffo2009\;Rittenschober2005\;Ro
ssetter2002\;Rossetter2004\;Schaller2009\;Switkes2006\;Unyelioglu1996\
;Werling2008b\;Werling2008c\;Werling2009\;Werling2010b\;Zhao2010\;;
1 ExplicitGroup:Fahrermodelle\;0\;Beer2011\;Braess2006\;Chatzikomis200
9\;Double4577\;Droogendijk2010\;Enke1966\;Fiala1968\;Hess1990\;Kondo19
53\;Mitschke1991\;Moon2011\;Ploechl2007\;Preuse2001\;Preuse2001a\;Rasm
ussen1983\;Ungoren2005\;;
1 ExplicitGroup:disturbance observer\;0\;Andreasson2006\;Back2008\;Bac
k2009\;Back2011\;Back2013\;Bajcinca2005\;Bang2010\;Buente2002\;Buente2
005\;Bunte2006\;Chen2004\;Eom2001\;Guevenc2010\;Guvenc2004\;Hu2013\;Jo
2010\;Jo2011\;Jo2012\;Kim2010\;Liu2002\;NamJo2000\;Ohnishi1987\;Orend2
006\;Park2007\;Park2012\;Saito2012\;Shahruz2002\;Shahruz2004\;Shim2008
\;Shim2009\;Son2012\;Umeno1991\;Yan2008\;Zhong2002\;;
1 ExplicitGroup:Regelungstechnik\;0\;CONTROL2003\;Fliess1995\;Ghoshal2
010\;Roppenecker\;Rosinova2003\;Rothfus2008\;Rothfuss1997\;Wurmthaler2
009\;unknown\;;
1 ExplicitGroup:Längsregelung\;0\;Ackermann1980\;Adiprasito2003\;Germa
nn1995\;Germann1997\;Martinez2007\;Shakouri2011\;Tai2000\;;
1 ExplicitGroup:ACC\;0\;Ackermann1980\;Adiprasito2003\;Eskandarian2012
\;Germann1995\;Germann1997\;Hiraoka2005\;Martinez2007\;Mayser2005\;Neu
kum2006\;Prestl2000\;Seyffarth2012\;Shakouri2011\;Wang2012\;Winner2003
\;;
1 ExplicitGroup:MPC\;0\;Abbas2011\;Anderson2010\;Attia2012\;Bajcinca20
05\;Bock1983\;Gao2012\;Gruene2009\;Katriniok2013\;Terwen2010\;Wang2012
\;Werling2012\;;
1 ExplicitGroup:Verhaltensmodelle\;0\;Donges1982\;Fahrerverhaltens1124
\;Naab2000\;;
1 ExplicitGroup:HAF\;0\;Gasser2012\;Grote\;Lienkamp\;Rauch2012\;;
1 ExplicitGroup:dynamische Programmierung\;0\;Bruns2008\;Frese2011\;Gu
2012\;Gu2013\;Pivtoraiko2005\;;
1 ExplicitGroup:Fahrerinteraktion\;0\;Guvenc2004\;Loeper\;Loeper2008\;
Winner6428\;;
1 ExplicitGroup:Pfadplanung\;0\;Fraichard2004\;Gu2012\;NengjianWang424
4\;Pivtoraiko2005\;Scheuer1997\;Ziegler2008\;;
1 ExplicitGroup:Kollisionscheck\;0\;Althoff2012a\;Papadimitriou2003\;Z
iegler2010\;;
1 ExplicitGroup:Prädiktion\;0\;Bahram2014\;Kumar2013\;Lawitzky2013\;;
1 ExplicitGroup:Modellierung\;0\;Orend2005\;Orend2006\;VonVietinghoff2
008\;;
1 ExplicitGroup:Quellen_Regelung\;0\;Ackermann1995\;Gao2012\;Hima2011\
;Kehl2007\;Khodayari2010\;Koenig2007\;Meier2004a\;Moriwaki1248\;Traech
tler1992\;VonVietinghoff2008\;Werling2008c\;Werling2010b\;;
1 ExplicitGroup:ESM\;0\;Fuchshumer2005\;Orend2005a\;;
1 ExplicitGroup:Entkopplung\;0\;Ackermann1994\;Ackermann1999\;Changfan
g2011\;Chen2012\;Mingxing2012\;;
1 ExplicitGroup:Stand der Technik\;0\;Dang2012\;Eskandarian2012\;;
}

